{"symbol":"BTCUSDT","trade_id":6334415895,"price":73471.24,"quantity":0.00008,"is_buyer_maker":true,"timestamp":"2026-05-29 19:09:47.834","collected_at":"2026-05-29 19:09:48"}
{"symbol":"BTCUSDT","trade_id":6334415886,"price":73471.25,"quantity":0.00008,"is_buyer_maker":true,"timestamp":"2026-05-29 19:09:47.834","collected_at":"2026-05-29 19:09:48"}
{"symbol":"BTCUSDT","trade_id":6334415883,"price":73471.25,"quantity":0.00007,"is_buyer_maker":true,"timestamp":"2026-05-29 19:09:47.834","collected_at":"2026-05-29 19:09:48"}
{"symbol":"BTCUSDT","trade_id":6334415889,"price":73471.25,"quantity":0.00007,"is_buyer_maker":true,"timestamp":"2026-05-29 19:09:47.834","collected_at":"2026-05-29 19:09:48"}
{"symbol":"BTCUSDT","trade_id":6334415880,"price":73471.25,"quantity":0.00007,"is_buyer_maker":true,"timestamp":"2026-05-29 19:09:47.834","collected_at":"2026-05-29 19:09:48"}
{"symbol":"BTCUSDT","trade_id":6334415892,"price":73471.25,"quantity":0.00007,"is_buyer_maker":true,"timestamp":"2026-05-29 19:09:47.834","collected_at":"2026-05-29 19:09:48"}
{"symbol":"BTCUSDT","trade_id":6334415898,"price":73471.24,"quantity":0.00007,"is_buyer_maker":true,"timestamp":"2026-05-29 19:09:47.834","collected_at":"2026-05-29 19:09:48"}
{"symbol":"BTCUSDT","trade_id":6334415907,"price":73470.52,"quantity":0.00008,"is_buyer_maker":true,"timestamp":"2026-05-29 19:09:47.834","collected_at":"2026-05-29 19:09:48"}
{"symbol":"BTCUSDT","trade_id":6334415901,"price":73471.24,"quantity":0.00014,"is_buyer_maker":true,"timestamp":"2026-05-29 19:09:47.834","collected_at":"2026-05-29 19:09:48"}
{"symbol":"BTCUSDT","trade_id":6334415904,"price":73471.09,"quantity":0.00007,"is_buyer_maker":true,"timestamp":"2026-05-29 19:09:47.834","collected_at":"2026-05-29 19:09:48"}
{"symbol":"BTCUSDT","trade_id":6334415910,"price":73470.47,"quantity":0.00008,"is_buyer_maker":true,"timestamp":"2026-05-29 19:09:47.834","collected_at":"2026-05-29 19:09:48"}
{"symbol":"BTCUSDT","trade_id":6334415890,"price":73471.25,"quantity":0.00007,"is_buyer_maker":true,"timestamp":"2026-05-29 19:09:47.834","collected_at":"2026-05-29 19:09:48"}
{"symbol":"BTCUSDT","trade_id":6334415881,"price":73471.25,"quantity":0.00007,"is_buyer_maker":true,"timestamp":"2026-05-29 19:09:47.834","collected_at":"2026-05-29 19:09:48"}
{"symbol":"BTCUSDT","trade_id":6334415911,"price":73470.47,"quantity":0.00008,"is_buyer_maker":true,"timestamp":"2026-05-29 19:09:47.834","collected_at":"2026-05-29 19:09:48"}
{"symbol":"BTCUSDT","trade_id":6334415902,"price":73471.23,"quantity":0.00014,"is_buyer_maker":true,"timestamp":"2026-05-29 19:09:47.834","collected_at":"2026-05-29 19:09:48"}
{"symbol":"BTCUSDT","trade_id":6334415893,"price":73471.24,"quantity":0.00007,"is_buyer_maker":true,"timestamp":"2026-05-29 19:09:47.834","collected_at":"2026-05-29 19:09:48"}
{"symbol":"BTCUSDT","trade_id":6334415899,"price":73471.24,"quantity":0.00007,"is_buyer_maker":true,"timestamp":"2026-05-29 19:09:47.834","collected_at":"2026-05-29 19:09:48"}
{"symbol":"BTCUSDT","trade_id":6334415905,"price":73470.52,"quantity":0.00547,"is_buyer_maker":true,"timestamp":"2026-05-29 19:09:47.834","collected_at":"2026-05-29 19:09:48"}
{"symbol":"BTCUSDT","trade_id":6334415887,"price":73471.25,"quantity":0.00014,"is_buyer_maker":true,"timestamp":"2026-05-29 19:09:47.834","collected_at":"2026-05-29 19:09:48"}
{"symbol":"BTCUSDT","trade_id":6334415908,"price":73470.47,"quantity":0.00008,"is_buyer_maker":true,"timestamp":"2026-05-29 19:09:47.834","collected_at":"2026-05-29 19:09:48"}
{"symbol":"BTCUSDT","trade_id":6334415896,"price":73471.24,"quantity":0.00007,"is_buyer_maker":true,"timestamp":"2026-05-29 19:09:47.834","collected_at":"2026-05-29 19:09:48"}
{"symbol":"BTCUSDT","trade_id":6334415884,"price":73471.25,"quantity":0.00007,"is_buyer_maker":true,"timestamp":"2026-05-29 19:09:47.834","collected_at":"2026-05-29 19:09:48"}
{"symbol":"BTCUSDT","trade_id":6334415879,"price":73471.25,"quantity":0.00006,"is_buyer_maker":true,"timestamp":"2026-05-29 19:09:47.834","collected_at":"2026-05-29 19:09:48"}
{"symbol":"BTCUSDT","trade_id":6334415900,"price":73471.24,"quantity":0.00007,"is_buyer_maker":true,"timestamp":"2026-05-29 19:09:47.834","collected_at":"2026-05-29 19:09:48"}
{"symbol":"BTCUSDT","trade_id":6334415894,"price":73471.24,"quantity":0.00007,"is_buyer_maker":true,"timestamp":"2026-05-29 19:09:47.834","collected_at":"2026-05-29 19:09:48"}
{"symbol":"BTCUSDT","trade_id":6334415906,"price":73470.52,"quantity":0.00008,"is_buyer_maker":true,"timestamp":"2026-05-29 19:09:47.834","collected_at":"2026-05-29 19:09:48"}
{"symbol":"BTCUSDT","trade_id":6334415888,"price":73471.25,"quantity":0.00007,"is_buyer_maker":true,"timestamp":"2026-05-29 19:09:47.834","collected_at":"2026-05-29 19:09:48"}
{"symbol":"BTCUSDT","trade_id":6334415882,"price":73471.25,"quantity":0.00007,"is_buyer_maker":true,"timestamp":"2026-05-29 19:09:47.834","collected_at":"2026-05-29 19:09:48"}
{"symbol":"BTCUSDT","trade_id":6334415891,"price":73471.25,"quantity":0.00007,"is_buyer_maker":true,"timestamp":"2026-05-29 19:09:47.834","collected_at":"2026-05-29 19:09:48"}
{"symbol":"BTCUSDT","trade_id":6334415897,"price":73471.24,"quantity":0.00008,"is_buyer_maker":true,"timestamp":"2026-05-29 19:09:47.834","collected_at":"2026-05-29 19:09:48"}
{"symbol":"BTCUSDT","trade_id":6334415903,"price":73471.2,"quantity":0.00008,"is_buyer_maker":true,"timestamp":"2026-05-29 19:09:47.834","collected_at":"2026-05-29 19:09:48"}
{"symbol":"BTCUSDT","trade_id":6334415885,"price":73471.25,"quantity":0.00007,"is_buyer_maker":true,"timestamp":"2026-05-29 19:09:47.834","collected_at":"2026-05-29 19:09:48"}
{"symbol":"BTCUSDT","trade_id":6334415909,"price":73470.47,"quantity":0.00008,"is_buyer_maker":true,"timestamp":"2026-05-29 19:09:47.834","collected_at":"2026-05-29 19:09:48"}
{"symbol":"BTCUSDT","trade_id":6334415912,"price":73470.46,"quantity":0.00199,"is_buyer_maker":true,"timestamp":"2026-05-29 19:09:47.834","collected_at":"2026-05-29 19:09:48"}
{"symbol":"BTCUSDT","trade_id":6334415913,"price":73470.46,"quantity":0.02,"is_buyer_maker":true,"timestamp":"2026-05-29 19:09:47.835","collected_at":"2026-05-29 19:09:48"}
{"symbol":"BNBUSDT","trade_id":1504638796,"price":641.53,"quantity":0.007,"is_buyer_maker":true,"timestamp":"2026-05-29 19:09:48.892","collected_at":"2026-05-29 19:09:50"}
{"symbol":"ETHUSDT","trade_id":4054586697,"price":2015.02,"quantity":0.1488,"is_buyer_maker":true,"timestamp":"2026-05-29 19:09:49.091","collected_at":"2026-05-29 19:09:50"}
{"symbol":"BNBUSDT","trade_id":1504638797,"price":641.52,"quantity":1.225,"is_buyer_maker":true,"timestamp":"2026-05-29 19:09:49.589","collected_at":"2026-05-29 19:09:50"}
{"symbol":"ETHUSDT","trade_id":4054586698,"price":2015.02,"quantity":0.228,"is_buyer_maker":true,"timestamp":"2026-05-29 19:09:49.881","collected_at":"2026-05-29 19:09:50"}
{"symbol":"BTCUSDT","trade_id":6334415914,"price":73470.47,"quantity":0.00131,"is_buyer_maker":true,"timestamp":"2026-05-29 19:09:50.044","collected_at":"2026-05-29 19:09:51"}
{"symbol":"ETHUSDT","trade_id":4054586700,"price":2015.02,"quantity":0.0975,"is_buyer_maker":true,"timestamp":"2026-05-29 19:09:50.208","collected_at":"2026-05-29 19:09:51"}
{"symbol":"ETHUSDT","trade_id":4054586699,"price":2015.02,"quantity":0.0025,"is_buyer_maker":true,"timestamp":"2026-05-29 19:09:50.208","collected_at":"2026-05-29 19:09:51"}
{"symbol":"ETHUSDT","trade_id":4054586709,"price":2015.02,"quantity":0.0025,"is_buyer_maker":true,"timestamp":"2026-05-29 19:09:50.210","collected_at":"2026-05-29 19:09:51"}
{"symbol":"ETHUSDT","trade_id":4054586706,"price":2015.02,"quantity":0.0025,"is_buyer_maker":true,"timestamp":"2026-05-29 19:09:50.210","collected_at":"2026-05-29 19:09:51"}
{"symbol":"ETHUSDT","trade_id":4054586703,"price":2015.02,"quantity":0.0026,"is_buyer_maker":true,"timestamp":"2026-05-29 19:09:50.210","collected_at":"2026-05-29 19:09:51"}
{"symbol":"ETHUSDT","trade_id":4054586715,"price":2015.02,"quantity":0.3835,"is_buyer_maker":true,"timestamp":"2026-05-29 19:09:50.210","collected_at":"2026-05-29 19:09:51"}
{"symbol":"ETHUSDT","trade_id":4054586712,"price":2015.02,"quantity":0.148,"is_buyer_maker":true,"timestamp":"2026-05-29 19:09:50.210","collected_at":"2026-05-29 19:09:51"}
{"symbol":"ETHUSDT","trade_id":4054586701,"price":2015.02,"quantity":0.3049,"is_buyer_maker":true,"timestamp":"2026-05-29 19:09:50.210","collected_at":"2026-05-29 19:09:51"}
{"symbol":"ETHUSDT","trade_id":4054586704,"price":2015.02,"quantity":0.4024,"is_buyer_maker":true,"timestamp":"2026-05-29 19:09:50.210","collected_at":"2026-05-29 19:09:51"}
{"symbol":"ETHUSDT","trade_id":4054586707,"price":2015.02,"quantity":0.0025,"is_buyer_maker":true,"timestamp":"2026-05-29 19:09:50.210","collected_at":"2026-05-29 19:09:51"}
{"symbol":"ETHUSDT","trade_id":4054586713,"price":2015.02,"quantity":9.7558,"is_buyer_maker":true,"timestamp":"2026-05-29 19:09:50.210","collected_at":"2026-05-29 19:09:51"}
{"symbol":"ETHUSDT","trade_id":4054586710,"price":2015.02,"quantity":0.2089,"is_buyer_maker":true,"timestamp":"2026-05-29 19:09:50.210","collected_at":"2026-05-29 19:09:51"}
{"symbol":"ETHUSDT","trade_id":4054586705,"price":2015.02,"quantity":0.0025,"is_buyer_maker":true,"timestamp":"2026-05-29 19:09:50.210","collected_at":"2026-05-29 19:09:51"}
{"symbol":"ETHUSDT","trade_id":4054586714,"price":2015.02,"quantity":0.0025,"is_buyer_maker":true,"timestamp":"2026-05-29 19:09:50.210","collected_at":"2026-05-29 19:09:51"}
{"symbol":"ETHUSDT","trade_id":4054586711,"price":2015.02,"quantity":0.0052,"is_buyer_maker":true,"timestamp":"2026-05-29 19:09:50.210","collected_at":"2026-05-29 19:09:51"}
{"symbol":"ETHUSDT","trade_id":4054586708,"price":2015.02,"quantity":0.005,"is_buyer_maker":true,"timestamp":"2026-05-29 19:09:50.210","collected_at":"2026-05-29 19:09:51"}
{"symbol":"ETHUSDT","trade_id":4054586702,"price":2015.02,"quantity":0.4024,"is_buyer_maker":true,"timestamp":"2026-05-29 19:09:50.210","collected_at":"2026-05-29 19:09:51"}
{"symbol":"ETHUSDT","trade_id":4054586742,"price":2015.05,"quantity":0.0026,"is_buyer_maker":true,"timestamp":"2026-05-29 19:09:50.213","collected_at":"2026-05-29 19:09:51"}
{"symbol":"ETHUSDT","trade_id":4054586748,"price":2015.05,"quantity":0.0027,"is_buyer_maker":true,"timestamp":"2026-05-29 19:09:50.213","collected_at":"2026-05-29 19:09:51"}
{"symbol":"ETHUSDT","trade_id":4054586724,"price":2015.02,"quantity":0.0025,"is_buyer_maker":true,"timestamp":"2026-05-29 19:09:50.213","collected_at":"2026-05-29 19:09:51"}
{"symbol":"ETHUSDT","trade_id":4054586745,"price":2015.05,"quantity":0.0027,"is_buyer_maker":true,"timestamp":"2026-05-29 19:09:50.213","collected_at":"2026-05-29 19:09:51"}
{"symbol":"ETHUSDT","trade_id":4054586721,"price":2015.02,"quantity":0.0026,"is_buyer_maker":true,"timestamp":"2026-05-29 19:09:50.213","collected_at":"2026-05-29 19:09:51"}
{"symbol":"ETHUSDT","trade_id":4054586733,"price":2015.03,"quantity":0.0026,"is_buyer_maker":true,"timestamp":"2026-05-29 19:09:50.213","collected_at":"2026-05-29 19:09:51"}
{"symbol":"ETHUSDT","trade_id":4054586736,"price":2015.03,"quantity":0.0025,"is_buyer_maker":true,"timestamp":"2026-05-29 19:09:50.213","collected_at":"2026-05-29 19:09:51"}
{"symbol":"ETHUSDT","trade_id":4054586727,"price":2015.02,"quantity":0.0025,"is_buyer_maker":true,"timestamp":"2026-05-29 19:09:50.213","collected_at":"2026-05-29 19:09:51"}
{"symbol":"ETHUSDT","trade_id":4054586730,"price":2015.03,"quantity":0.0026,"is_buyer_maker":true,"timestamp":"2026-05-29 19:09:50.213","collected_at":"2026-05-29 19:09:51"}
{"symbol":"ETHUSDT","trade_id":4054586718,"price":2015.02,"quantity":0.0026,"is_buyer_maker":true,"timestamp":"2026-05-29 19:09:50.213","collected_at":"2026-05-29 19:09:51"}
{"symbol":"ETHUSDT","trade_id":4054586739,"price":2015.03,"quantity":0.0025,"is_buyer_maker":true,"timestamp":"2026-05-29 19:09:50.213","collected_at":"2026-05-29 19:09:51"}
{"symbol":"ETHUSDT","trade_id":4054586751,"price":2015.05,"quantity":0.0025,"is_buyer_maker":true,"timestamp":"2026-05-29 19:09:50.213","collected_at":"2026-05-29 19:09:51"}
{"symbol":"ETHUSDT","trade_id":4054586763,"price":2015.08,"quantity":0.0027,"is_buyer_maker":true,"timestamp":"2026-05-29 19:09:50.213","collected_at":"2026-05-29 19:09:51"}
{"symbol":"ETHUSDT","trade_id":4054586754,"price":2015.06,"quantity":0.0026,"is_buyer_maker":true,"timestamp":"2026-05-29 19:09:50.213","collected_at":"2026-05-29 19:09:51"}
{"symbol":"ETHUSDT","trade_id":4054586766,"price":2015.08,"quantity":0.0027,"is_buyer_maker":true,"timestamp":"2026-05-29 19:09:50.213","collected_at":"2026-05-29 19:09:51"}
{"symbol":"ETHUSDT","trade_id":4054586769,"price":2015.08,"quantity":0.0025,"is_buyer_maker":true,"timestamp":"2026-05-29 19:09:50.213","collected_at":"2026-05-29 19:09:51"}
{"symbol":"ETHUSDT","trade_id":4054586757,"price":2015.06,"quantity":0.0025,"is_buyer_maker":true,"timestamp":"2026-05-29 19:09:50.213","collected_at":"2026-05-29 19:09:51"}
{"symbol":"ETHUSDT","trade_id":4054586760,"price":2015.07,"quantity":0.0026,"is_buyer_maker":true,"timestamp":"2026-05-29 19:09:50.213","collected_at":"2026-05-29 19:09:51"}
{"symbol":"ETHUSDT","trade_id":4054586716,"price":2015.02,"quantity":0.0815,"is_buyer_maker":true,"timestamp":"2026-05-29 19:09:50.213","collected_at":"2026-05-29 19:09:51"}
{"symbol":"ETHUSDT","trade_id":4054586728,"price":2015.03,"quantity":0.0025,"is_buyer_maker":true,"timestamp":"2026-05-29 19:09:50.213","collected_at":"2026-05-29 19:09:51"}
{"symbol":"ETHUSDT","trade_id":4054586749,"price":2015.05,"quantity":0.0025,"is_buyer_maker":true,"timestamp":"2026-05-29 19:09:50.213","collected_at":"2026-05-29 19:09:51"}
{"symbol":"ETHUSDT","trade_id":4054586734,"price":2015.03,"quantity":0.0026,"is_buyer_maker":true,"timestamp":"2026-05-29 19:09:50.213","collected_at":"2026-05-29 19:09:51"}
{"symbol":"ETHUSDT","trade_id":4054586725,"price":2015.02,"quantity":0.0025,"is_buyer_maker":true,"timestamp":"2026-05-29 19:09:50.213","collected_at":"2026-05-29 19:09:51"}
{"symbol":"ETHUSDT","trade_id":4054586722,"price":2015.02,"quantity":0.0025,"is_buyer_maker":true,"timestamp":"2026-05-29 19:09:50.213","collected_at":"2026-05-29 19:09:51"}
{"symbol":"ETHUSDT","trade_id":4054586758,"price":2015.06,"quantity":0.0025,"is_buyer_maker":true,"timestamp":"2026-05-29 19:09:50.213","collected_at":"2026-05-29 19:09:51"}
{"symbol":"ETHUSDT","trade_id":4054586719,"price":2015.02,"quantity":0.0026,"is_buyer_maker":true,"timestamp":"2026-05-29 19:09:50.213","collected_at":"2026-05-29 19:09:51"}
{"symbol":"ETHUSDT","trade_id":4054586743,"price":2015.05,"quantity":0.0025,"is_buyer_maker":true,"timestamp":"2026-05-29 19:09:50.213","collected_at":"2026-05-29 19:09:51"}
{"symbol":"ETHUSDT","trade_id":4054586731,"price":2015.03,"quantity":0.0025,"is_buyer_maker":true,"timestamp":"2026-05-29 19:09:50.213","collected_at":"2026-05-29 19:09:51"}
{"symbol":"ETHUSDT","trade_id":4054586752,"price":2015.06,"quantity":0.1446,"is_buyer_maker":true,"timestamp":"2026-05-29 19:09:50.213","collected_at":"2026-05-29 19:09:51"}
{"symbol":"ETHUSDT","trade_id":4054586746,"price":2015.05,"quantity":0.0026,"is_buyer_maker":true,"timestamp":"2026-05-29 19:09:50.213","collected_at":"2026-05-29 19:09:51"}
{"symbol":"ETHUSDT","trade_id":4054586740,"price":2015.04,"quantity":0.005,"is_buyer_maker":true,"timestamp":"2026-05-29 19:09:50.213","collected_at":"2026-05-29 19:09:51"}
{"symbol":"ETHUSDT","trade_id":4054586755,"price":2015.06,"quantity":0.0025,"is_buyer_maker":true,"timestamp":"2026-05-29 19:09:50.213","collected_at":"2026-05-29 19:09:51"}
{"symbol":"ETHUSDT","trade_id":4054586761,"price":2015.08,"quantity":0.0025,"is_buyer_maker":true,"timestamp":"2026-05-29 19:09:50.213","collected_at":"2026-05-29 19:09:51"}
{"symbol":"ETHUSDT","trade_id":4054586737,"price":2015.03,"quantity":0.0025,"is_buyer_maker":true,"timestamp":"2026-05-29 19:09:50.213","collected_at":"2026-05-29 19:09:51"}
{"symbol":"ETHUSDT","trade_id":4054586764,"price":2015.08,"quantity":0.0027,"is_buyer_maker":true,"timestamp":"2026-05-29 19:09:50.213","collected_at":"2026-05-29 19:09:51"}
{"symbol":"ETHUSDT","trade_id":4054586767,"price":2015.08,"quantity":0.0025,"is_buyer_maker":true,"timestamp":"2026-05-29 19:09:50.213","collected_at":"2026-05-29 19:09:51"}
{"symbol":"ETHUSDT","trade_id":4054586720,"price":2015.02,"quantity":0.0026,"is_buyer_maker":true,"timestamp":"2026-05-29 19:09:50.213","collected_at":"2026-05-29 19:09:51"}
{"symbol":"ETHUSDT","trade_id":4054586717,"price":2015.02,"quantity":0.0026,"is_buyer_maker":true,"timestamp":"2026-05-29 19:09:50.213","collected_at":"2026-05-29 19:09:51"}
{"symbol":"ETHUSDT","trade_id":4054586726,"price":2015.02,"quantity":0.0025,"is_buyer_maker":true,"timestamp":"2026-05-29 19:09:50.213","collected_at":"2026-05-29 19:09:51"}
{"symbol":"ETHUSDT","trade_id":4054586729,"price":2015.03,"quantity":0.005,"is_buyer_maker":true,"timestamp":"2026-05-29 19:09:50.213","collected_at":"2026-05-29 19:09:51"}
{"symbol":"ETHUSDT","trade_id":4054586732,"price":2015.03,"quantity":0.0026,"is_buyer_maker":true,"timestamp":"2026-05-29 19:09:50.213","collected_at":"2026-05-29 19:09:51"}
{"symbol":"ETHUSDT","trade_id":4054586723,"price":2015.02,"quantity":0.005,"is_buyer_maker":true,"timestamp":"2026-05-29 19:09:50.213","collected_at":"2026-05-29 19:09:51"}
{"symbol":"ETHUSDT","trade_id":4054586759,"price":2015.07,"quantity":0.0026,"is_buyer_maker":true,"timestamp":"2026-05-29 19:09:50.213","collected_at":"2026-05-29 19:09:51"}
{"symbol":"ETHUSDT","trade_id":4054586762,"price":2015.08,"quantity":0.0026,"is_buyer_maker":true,"timestamp":"2026-05-29 19:09:50.213","collected_at":"2026-05-29 19:09:51"}
{"symbol":"ETHUSDT","trade_id":4054586765,"price":2015.08,"quantity":0.0025,"is_buyer_maker":true,"timestamp":"2026-05-29 19:09:50.213","collected_at":"2026-05-29 19:09:51"}
{"symbol":"ETHUSDT","trade_id":4054586747,"price":2015.05,"quantity":0.0025,"is_buyer_maker":true,"timestamp":"2026-05-29 19:09:50.213","collected_at":"2026-05-29 19:09:51"}
{"symbol":"ETHUSDT","trade_id":4054586738,"price":2015.03,"quantity":0.0025,"is_buyer_maker":true,"timestamp":"2026-05-29 19:09:50.213","collected_at":"2026-05-29 19:09:51"}
{"symbol":"ETHUSDT","trade_id":4054586750,"price":2015.05,"quantity":0.0025,"is_buyer_maker":true,"timestamp":"2026-05-29 19:09:50.213","collected_at":"2026-05-29 19:09:51"}
{"symbol":"ETHUSDT","trade_id":4054586768,"price":2015.08,"quantity":0.0025,"is_buyer_maker":true,"timestamp":"2026-05-29 19:09:50.213","collected_at":"2026-05-29 19:09:51"}
{"symbol":"ETHUSDT","trade_id":4054586741,"price":2015.04,"quantity":0.0026,"is_buyer_maker":true,"timestamp":"2026-05-29 19:09:50.213","collected_at":"2026-05-29 19:09:51"}
{"symbol":"ETHUSDT","trade_id":4054586735,"price":2015.03,"quantity":0.0025,"is_buyer_maker":true,"timestamp":"2026-05-29 19:09:50.213","collected_at":"2026-05-29 19:09:51"}
{"symbol":"ETHUSDT","trade_id":4054586756,"price":2015.06,"quantity":0.0025,"is_buyer_maker":true,"timestamp":"2026-05-29 19:09:50.213","collected_at":"2026-05-29 19:09:51"}
{"symbol":"ETHUSDT","trade_id":4054586744,"price":2015.05,"quantity":0.0027,"is_buyer_maker":true,"timestamp":"2026-05-29 19:09:50.213","collected_at":"2026-05-29 19:09:51"}
{"symbol":"ETHUSDT","trade_id":4054586753,"price":2015.06,"quantity":0.0025,"is_buyer_maker":true,"timestamp":"2026-05-29 19:09:50.213","collected_at":"2026-05-29 19:09:51"}
{"symbol":"BTCUSDT","trade_id":6334415916,"price":73470.47,"quantity":0.00008,"is_buyer_maker":true,"timestamp":"2026-05-29 19:09:50.299","collected_at":"2026-05-29 19:09:51"}
{"symbol":"BTCUSDT","trade_id":6334415919,"price":73470.47,"quantity":0.00491,"is_buyer_maker":true,"timestamp":"2026-05-29 19:09:50.299","collected_at":"2026-05-29 19:09:51"}
{"symbol":"BTCUSDT","trade_id":6334415917,"price":73470.47,"quantity":0.00007,"is_buyer_maker":true,"timestamp":"2026-05-29 19:09:50.299","collected_at":"2026-05-29 19:09:51"}
{"symbol":"BTCUSDT","trade_id":6334415915,"price":73470.47,"quantity":0.0015,"is_buyer_maker":true,"timestamp":"2026-05-29 19:09:50.299","collected_at":"2026-05-29 19:09:51"}
{"symbol":"BTCUSDT","trade_id":6334415918,"price":73470.47,"quantity":0.00007,"is_buyer_maker":true,"timestamp":"2026-05-29 19:09:50.299","collected_at":"2026-05-29 19:09:51"}
{"symbol":"BTCUSDT","trade_id":6334415922,"price":73470.47,"quantity":0.002,"is_buyer_maker":true,"timestamp":"2026-05-29 19:09:50.313","collected_at":"2026-05-29 19:09:51"}
{"symbol":"BTCUSDT","trade_id":6334415920,"price":73470.47,"quantity":0.002,"is_buyer_maker":true,"timestamp":"2026-05-29 19:09:50.313","collected_at":"2026-05-29 19:09:51"}
{"symbol":"BTCUSDT","trade_id":6334415923,"price":73470.47,"quantity":0.002,"is_buyer_maker":true,"timestamp":"2026-05-29 19:09:50.313","collected_at":"2026-05-29 19:09:51"}
{"symbol":"BTCUSDT","trade_id":6334415921,"price":73470.47,"quantity":0.002,"is_buyer_maker":true,"timestamp":"2026-05-29 19:09:50.313","collected_at":"2026-05-29 19:09:51"}
{"symbol":"ETHUSDT","trade_id":4054586772,"price":2015.09,"quantity":0.0949,"is_buyer_maker":true,"timestamp":"2026-05-29 19:09:50.316","collected_at":"2026-05-29 19:09:51"}
{"symbol":"ETHUSDT","trade_id":4054586770,"price":2015.09,"quantity":0.0026,"is_buyer_maker":true,"timestamp":"2026-05-29 19:09:50.316","collected_at":"2026-05-29 19:09:51"}
{"symbol":"ETHUSDT","trade_id":4054586771,"price":2015.09,"quantity":0.0025,"is_buyer_maker":true,"timestamp":"2026-05-29 19:09:50.316","collected_at":"2026-05-29 19:09:51"}
{"symbol":"ETHUSDT","trade_id":4054586819,"price":2015.15,"quantity":0.4024,"is_buyer_maker":true,"timestamp":"2026-05-29 19:09:50.341","collected_at":"2026-05-29 19:09:51"}
{"symbol":"ETHUSDT","trade_id":4054586807,"price":2015.12,"quantity":0.0025,"is_buyer_maker":true,"timestamp":"2026-05-29 19:09:50.341","collected_at":"2026-05-29 19:09:51"}
{"symbol":"ETHUSDT","trade_id":4054586810,"price":2015.13,"quantity":0.0025,"is_buyer_maker":true,"timestamp":"2026-05-29 19:09:50.341","collected_at":"2026-05-29 19:09:51"}
{"symbol":"ETHUSDT","trade_id":4054586792,"price":2015.1,"quantity":0.0025,"is_buyer_maker":true,"timestamp":"2026-05-29 19:09:50.341","collected_at":"2026-05-29 19:09:51"}
{"symbol":"ETHUSDT","trade_id":4054586822,"price":2015.15,"quantity":0.0027,"is_buyer_maker":true,"timestamp":"2026-05-29 19:09:50.341","collected_at":"2026-05-29 19:09:51"}
{"symbol":"ETHUSDT","trade_id":4054586825,"price":2015.15,"quantity":0.0025,"is_buyer_maker":true,"timestamp":"2026-05-29 19:09:50.341","collected_at":"2026-05-29 19:09:51"}
{"symbol":"ETHUSDT","trade_id":4054586828,"price":2015.15,"quantity":0.0025,"is_buyer_maker":true,"timestamp":"2026-05-29 19:09:50.341","collected_at":"2026-05-29 19:09:51"}
{"symbol":"ETHUSDT","trade_id":4054586813,"price":2015.13,"quantity":0.0025,"is_buyer_maker":true,"timestamp":"2026-05-29 19:09:50.341","collected_at":"2026-05-29 19:09:51"}
{"symbol":"ETHUSDT","trade_id":4054586801,"price":2015.11,"quantity":0.0025,"is_buyer_maker":true,"timestamp":"2026-05-29 19:09:50.341","collected_at":"2026-05-29 19:09:51"}
{"symbol":"ETHUSDT","trade_id":4054586783,"price":2015.09,"quantity":0.0025,"is_buyer_maker":true,"timestamp":"2026-05-29 19:09:50.341","collected_at":"2026-05-29 19:09:51"}
{"symbol":"ETHUSDT","trade_id":4054586789,"price":2015.1,"quantity":0.0026,"is_buyer_maker":true,"timestamp":"2026-05-29 19:09:50.341","collected_at":"2026-05-29 19:09:51"}
{"symbol":"ETHUSDT","trade_id":4054586786,"price":2015.1,"quantity":0.0025,"is_buyer_maker":true,"timestamp":"2026-05-29 19:09:50.341","collected_at":"2026-05-29 19:09:51"}
{"symbol":"ETHUSDT","trade_id":4054586798,"price":2015.11,"quantity":0.0025,"is_buyer_maker":true,"timestamp":"2026-05-29 19:09:50.341","collected_at":"2026-05-29 19:09:51"}
{"symbol":"ETHUSDT","trade_id":4054586816,"price":2015.14,"quantity":0.0026,"is_buyer_maker":true,"timestamp":"2026-05-29 19:09:50.341","collected_at":"2026-05-29 19:09:51"}
{"symbol":"ETHUSDT","trade_id":4054586795,"price":2015.1,"quantity":0.0025,"is_buyer_maker":true,"timestamp":"2026-05-29 19:09:50.341","collected_at":"2026-05-29 19:09:51"}
{"symbol":"ETHUSDT","trade_id":4054586804,"price":2015.12,"quantity":0.0025,"is_buyer_maker":true,"timestamp":"2026-05-29 19:09:50.341","collected_at":"2026-05-29 19:09:51"}
{"symbol":"ETHUSDT","trade_id":4054586796,"price":2015.11,"quantity":0.0026,"is_buyer_maker":true,"timestamp":"2026-05-29 19:09:50.341","collected_at":"2026-05-29 19:09:51"}
{"symbol":"ETHUSDT","trade_id":4054586787,"price":2015.1,"quantity":0.0025,"is_buyer_maker":true,"timestamp":"2026-05-29 19:09:50.341","collected_at":"2026-05-29 19:09:51"}
{"symbol":"ETHUSDT","trade_id":4054586790,"price":2015.1,"quantity":0.0026,"is_buyer_maker":true,"timestamp":"2026-05-29 19:09:50.341","collected_at":"2026-05-29 19:09:51"}
{"symbol":"ETHUSDT","trade_id":4054586778,"price":2015.09,"quantity":0.0026,"is_buyer_maker":true,"timestamp":"2026-05-29 19:09:50.341","collected_at":"2026-05-29 19:09:51"}
{"symbol":"ETHUSDT","trade_id":4054586775,"price":2015.09,"quantity":0.0025,"is_buyer_maker":true,"timestamp":"2026-05-29 19:09:50.341","collected_at":"2026-05-29 19:09:51"}
{"symbol":"ETHUSDT","trade_id":4054586781,"price":2015.09,"quantity":0.0025,"is_buyer_maker":true,"timestamp":"2026-05-29 19:09:50.341","collected_at":"2026-05-29 19:09:51"}
{"symbol":"ETHUSDT","trade_id":4054586793,"price":2015.1,"quantity":0.0025,"is_buyer_maker":true,"timestamp":"2026-05-29 19:09:50.341","collected_at":"2026-05-29 19:09:51"}
{"symbol":"ETHUSDT","trade_id":4054586784,"price":2015.09,"quantity":0.0025,"is_buyer_maker":true,"timestamp":"2026-05-29 19:09:50.341","collected_at":"2026-05-29 19:09:51"}
{"symbol":"ETHUSDT","trade_id":4054586826,"price":2015.15,"quantity":0.0027,"is_buyer_maker":true,"timestamp":"2026-05-29 19:09:50.341","collected_at":"2026-05-29 19:09:51"}
{"symbol":"ETHUSDT","trade_id":4054586823,"price":2015.15,"quantity":0.0026,"is_buyer_maker":true,"timestamp":"2026-05-29 19:09:50.341","collected_at":"2026-05-29 19:09:51"}
{"symbol":"ETHUSDT","trade_id":4054586811,"price":2015.13,"quantity":0.0025,"is_buyer_maker":true,"timestamp":"2026-05-29 19:09:50.341","collected_at":"2026-05-29 19:09:51"}
{"symbol":"ETHUSDT","trade_id":4054586805,"price":2015.12,"quantity":0.0025,"is_buyer_maker":true,"timestamp":"2026-05-29 19:09:50.341","collected_at":"2026-05-29 19:09:51"}
{"symbol":"ETHUSDT","trade_id":4054586802,"price":2015.12,"quantity":0.0025,"is_buyer_maker":true,"timestamp":"2026-05-29 19:09:50.341","collected_at":"2026-05-29 19:09:51"}
{"symbol":"ETHUSDT","trade_id":4054586820,"price":2015.15,"quantity":0.0025,"is_buyer_maker":true,"timestamp":"2026-05-29 19:09:50.341","collected_at":"2026-05-29 19:09:51"}
{"symbol":"ETHUSDT","trade_id":4054586829,"price":2015.15,"quantity":0.0025,"is_buyer_maker":true,"timestamp":"2026-05-29 19:09:50.341","collected_at":"2026-05-29 19:09:51"}
{"symbol":"ETHUSDT","trade_id":4054586814,"price":2015.14,"quantity":0.0027,"is_buyer_maker":true,"timestamp":"2026-05-29 19:09:50.341","collected_at":"2026-05-29 19:09:51"}
{"symbol":"ETHUSDT","trade_id":4054586808,"price":2015.13,"quantity":0.0025,"is_buyer_maker":true,"timestamp":"2026-05-29 19:09:50.341","collected_at":"2026-05-29 19:09:51"}
{"symbol":"ETHUSDT","trade_id":4054586817,"price":2015.14,"quantity":0.0027,"is_buyer_maker":true,"timestamp":"2026-05-29 19:09:50.341","collected_at":"2026-05-29 19:09:51"}
{"symbol":"ETHUSDT","trade_id":4054586799,"price":2015.11,"quantity":0.0025,"is_buyer_maker":true,"timestamp":"2026-05-29 19:09:50.341","collected_at":"2026-05-29 19:09:51"}
{"symbol":"ETHUSDT","trade_id":4054586779,"price":2015.09,"quantity":0.0026,"is_buyer_maker":true,"timestamp":"2026-05-29 19:09:50.341","collected_at":"2026-05-29 19:09:51"}
{"symbol":"ETHUSDT","trade_id":4054586803,"price":2015.12,"quantity":0.0026,"is_buyer_maker":true,"timestamp":"2026-05-29 19:09:50.341","collected_at":"2026-05-29 19:09:51"}
{"symbol":"ETHUSDT","trade_id":4054586794,"price":2015.1,"quantity":0.0025,"is_buyer_maker":true,"timestamp":"2026-05-29 19:09:50.341","collected_at":"2026-05-29 19:09:51"}
{"symbol":"ETHUSDT","trade_id":4054586812,"price":2015.13,"quantity":0.0025,"is_buyer_maker":true,"timestamp":"2026-05-29 19:09:50.341","collected_at":"2026-05-29 19:09:51"}
{"symbol":"ETHUSDT","trade_id":4054586791,"price":2015.1,"quantity":0.0026,"is_buyer_maker":true,"timestamp":"2026-05-29 19:09:50.341","collected_at":"2026-05-29 19:09:51"}
{"symbol":"ETHUSDT","trade_id":4054586776,"price":2015.09,"quantity":0.0026,"is_buyer_maker":true,"timestamp":"2026-05-29 19:09:50.341","collected_at":"2026-05-29 19:09:51"}
{"symbol":"ETHUSDT","trade_id":4054586806,"price":2015.12,"quantity":0.0025,"is_buyer_maker":true,"timestamp":"2026-05-29 19:09:50.341","collected_at":"2026-05-29 19:09:51"}
{"symbol":"ETHUSDT","trade_id":4054586800,"price":2015.11,"quantity":0.0025,"is_buyer_maker":true,"timestamp":"2026-05-29 19:09:50.341","collected_at":"2026-05-29 19:09:51"}
{"symbol":"ETHUSDT","trade_id":4054586815,"price":2015.14,"quantity":0.0027,"is_buyer_maker":true,"timestamp":"2026-05-29 19:09:50.341","collected_at":"2026-05-29 19:09:51"}
{"symbol":"ETHUSDT","trade_id":4054586788,"price":2015.1,"quantity":0.0026,"is_buyer_maker":true,"timestamp":"2026-05-29 19:09:50.341","collected_at":"2026-05-29 19:09:51"}
{"symbol":"ETHUSDT","trade_id":4054586782,"price":2015.09,"quantity":0.0026,"is_buyer_maker":true,"timestamp":"2026-05-29 19:09:50.341","collected_at":"2026-05-29 19:09:51"}
{"symbol":"ETHUSDT","trade_id":4054586809,"price":2015.13,"quantity":0.0026,"is_buyer_maker":true,"timestamp":"2026-05-29 19:09:50.341","collected_at":"2026-05-29 19:09:51"}
{"symbol":"ETHUSDT","trade_id":4054586785,"price":2015.09,"quantity":0.0025,"is_buyer_maker":true,"timestamp":"2026-05-29 19:09:50.341","collected_at":"2026-05-29 19:09:51"}
{"symbol":"ETHUSDT","trade_id":4054586797,"price":2015.11,"quantity":0.0025,"is_buyer_maker":true,"timestamp":"2026-05-29 19:09:50.341","collected_at":"2026-05-29 19:09:51"}
{"symbol":"ETHUSDT","trade_id":4054586773,"price":2015.09,"quantity":0.3075,"is_buyer_maker":true,"timestamp":"2026-05-29 19:09:50.341","collected_at":"2026-05-29 19:09:51"}
{"symbol":"ETHUSDT","trade_id":4054586824,"price":2015.15,"quantity":0.0025,"is_buyer_maker":true,"timestamp":"2026-05-29 19:09:50.341","collected_at":"2026-05-29 19:09:51"}
{"symbol":"ETHUSDT","trade_id":4054586818,"price":2015.15,"quantity":0.0025,"is_buyer_maker":true,"timestamp":"2026-05-29 19:09:50.341","collected_at":"2026-05-29 19:09:51"}
{"symbol":"ETHUSDT","trade_id":4054586821,"price":2015.15,"quantity":0.0027,"is_buyer_maker":true,"timestamp":"2026-05-29 19:09:50.341","collected_at":"2026-05-29 19:09:51"}
{"symbol":"ETHUSDT","trade_id":4054586827,"price":2015.15,"quantity":0.0025,"is_buyer_maker":true,"timestamp":"2026-05-29 19:09:50.341","collected_at":"2026-05-29 19:09:51"}
{"symbol":"ETHUSDT","trade_id":4054586777,"price":2015.09,"quantity":0.0026,"is_buyer_maker":true,"timestamp":"2026-05-29 19:09:50.341","collected_at":"2026-05-29 19:09:51"}
{"symbol":"ETHUSDT","trade_id":4054586780,"price":2015.09,"quantity":0.0054,"is_buyer_maker":true,"timestamp":"2026-05-29 19:09:50.341","collected_at":"2026-05-29 19:09:51"}
{"symbol":"ETHUSDT","trade_id":4054586774,"price":2015.09,"quantity":0.4024,"is_buyer_maker":true,"timestamp":"2026-05-29 19:09:50.341","collected_at":"2026-05-29 19:09:51"}
{"symbol":"ETHUSDT","trade_id":4054586831,"price":2015.16,"quantity":0.0025,"is_buyer_maker":true,"timestamp":"2026-05-29 19:09:50.344","collected_at":"2026-05-29 19:09:51"}
{"symbol":"ETHUSDT","trade_id":4054586837,"price":2015.16,"quantity":0.0025,"is_buyer_maker":true,"timestamp":"2026-05-29 19:09:50.344","collected_at":"2026-05-29 19:09:51"}
{"symbol":"ETHUSDT","trade_id":4054586867,"price":2015.22,"quantity":0.0025,"is_buyer_maker":true,"timestamp":"2026-05-29 19:09:50.344","collected_at":"2026-05-29 19:09:51"}
{"symbol":"ETHUSDT","trade_id":4054586834,"price":2015.16,"quantity":0.0025,"is_buyer_maker":true,"timestamp":"2026-05-29 19:09:50.344","collected_at":"2026-05-29 19:09:51"}
{"symbol":"ETHUSDT","trade_id":4054586864,"price":2015.22,"quantity":0.0025,"is_buyer_maker":true,"timestamp":"2026-05-29 19:09:50.344","collected_at":"2026-05-29 19:09:51"}
{"symbol":"ETHUSDT","trade_id":4054586852,"price":2015.2,"quantity":0.0025,"is_buyer_maker":true,"timestamp":"2026-05-29 19:09:50.344","collected_at":"2026-05-29 19:09:51"}
{"symbol":"ETHUSDT","trade_id":4054586870,"price":2015.23,"quantity":0.4,"is_buyer_maker":true,"timestamp":"2026-05-29 19:09:50.344","collected_at":"2026-05-29 19:09:51"}
{"symbol":"ETHUSDT","trade_id":4054586840,"price":2015.17,"quantity":0.0026,"is_buyer_maker":true,"timestamp":"2026-05-29 19:09:50.344","collected_at":"2026-05-29 19:09:51"}
{"symbol":"ETHUSDT","trade_id":4054586861,"price":2015.22,"quantity":0.0027,"is_buyer_maker":true,"timestamp":"2026-05-29 19:09:50.344","collected_at":"2026-05-29 19:09:51"}
{"symbol":"ETHUSDT","trade_id":4054586858,"price":2015.21,"quantity":0.0025,"is_buyer_maker":true,"timestamp":"2026-05-29 19:09:50.344","collected_at":"2026-05-29 19:09:51"}
{"symbol":"ETHUSDT","trade_id":4054586846,"price":2015.2,"quantity":0.0025,"is_buyer_maker":true,"timestamp":"2026-05-29 19:09:50.344","collected_at":"2026-05-29 19:09:51"}
{"symbol":"ETHUSDT","trade_id":4054586855,"price":2015.21,"quantity":0.0025,"is_buyer_maker":true,"timestamp":"2026-05-29 19:09:50.344","collected_at":"2026-05-29 19:09:51"}
{"symbol":"ETHUSDT","trade_id":4054586843,"price":2015.18,"quantity":0.0026,"is_buyer_maker":true,"timestamp":"2026-05-29 19:09:50.344","collected_at":"2026-05-29 19:09:51"}
{"symbol":"ETHUSDT","trade_id":4054586849,"price":2015.2,"quantity":0.0025,"is_buyer_maker":true,"timestamp":"2026-05-29 19:09:50.344","collected_at":"2026-05-29 19:09:51"}
{"symbol":"ETHUSDT","trade_id":4054586844,"price":2015.18,"quantity":0.0967,"is_buyer_maker":true,"timestamp":"2026-05-29 19:09:50.344","collected_at":"2026-05-29 19:09:51"}
{"symbol":"ETHUSDT","trade_id":4054586838,"price":2015.17,"quantity":0.0026,"is_buyer_maker":true,"timestamp":"2026-05-29 19:09:50.344","collected_at":"2026-05-29 19:09:51"}
{"symbol":"ETHUSDT","trade_id":4054586835,"price":2015.16,"quantity":0.0026,"is_buyer_maker":true,"timestamp":"2026-05-29 19:09:50.344","collected_at":"2026-05-29 19:09:51"}
{"symbol":"ETHUSDT","trade_id":4054586847,"price":2015.2,"quantity":0.01,"is_buyer_maker":true,"timestamp":"2026-05-29 19:09:50.344","collected_at":"2026-05-29 19:09:51"}
{"symbol":"ETHUSDT","trade_id":4054586841,"price":2015.17,"quantity":0.0026,"is_buyer_maker":true,"timestamp":"2026-05-29 19:09:50.344","collected_at":"2026-05-29 19:09:51"}
{"symbol":"ETHUSDT","trade_id":4054586832,"price":2015.16,"quantity":0.0026,"is_buyer_maker":true,"timestamp":"2026-05-29 19:09:50.344","collected_at":"2026-05-29 19:09:51"}
{"symbol":"ETHUSDT","trade_id":4054586853,"price":2015.21,"quantity":0.0025,"is_buyer_maker":true,"timestamp":"2026-05-29 19:09:50.344","collected_at":"2026-05-29 19:09:51"}
{"symbol":"ETHUSDT","trade_id":4054586856,"price":2015.21,"quantity":0.0025,"is_buyer_maker":true,"timestamp":"2026-05-29 19:09:50.344","collected_at":"2026-05-29 19:09:51"}
{"symbol":"ETHUSDT","trade_id":4054586862,"price":2015.22,"quantity":0.0025,"is_buyer_maker":true,"timestamp":"2026-05-29 19:09:50.344","collected_at":"2026-05-29 19:09:51"}
{"symbol":"ETHUSDT","trade_id":4054586850,"price":2015.2,"quantity":0.0025,"is_buyer_maker":true,"timestamp":"2026-05-29 19:09:50.344","collected_at":"2026-05-29 19:09:51"}
{"symbol":"ETHUSDT","trade_id":4054586859,"price":2015.22,"quantity":0.0025,"is_buyer_maker":true,"timestamp":"2026-05-29 19:09:50.344","collected_at":"2026-05-29 19:09:51"}
{"symbol":"ETHUSDT","trade_id":4054586868,"price":2015.22,"quantity":0.0025,"is_buyer_maker":true,"timestamp":"2026-05-29 19:09:50.344","collected_at":"2026-05-29 19:09:51"}
{"symbol":"ETHUSDT","trade_id":4054586865,"price":2015.22,"quantity":0.0027,"is_buyer_maker":true,"timestamp":"2026-05-29 19:09:50.344","collected_at":"2026-05-29 19:09:51"}
{"symbol":"ETHUSDT","trade_id":4054586860,"price":2015.22,"quantity":0.0027,"is_buyer_maker":true,"timestamp":"2026-05-29 19:09:50.344","collected_at":"2026-05-29 19:09:51"}
{"symbol":"ETHUSDT","trade_id":4054586854,"price":2015.21,"quantity":0.0025,"is_buyer_maker":true,"timestamp":"2026-05-29 19:09:50.344","collected_at":"2026-05-29 19:09:51"}
{"symbol":"ETHUSDT","trade_id":4054586863,"price":2015.22,"quantity":0.0026,"is_buyer_maker":true,"timestamp":"2026-05-29 19:09:50.344","collected_at":"2026-05-29 19:09:51"}
{"symbol":"ETHUSDT","trade_id":4054586833,"price":2015.16,"quantity":0.0026,"is_buyer_maker":true,"timestamp":"2026-05-29 19:09:50.344","collected_at":"2026-05-29 19:09:51"}
{"symbol":"ETHUSDT","trade_id":4054586836,"price":2015.16,"quantity":0.0026,"is_buyer_maker":true,"timestamp":"2026-05-29 19:09:50.344","collected_at":"2026-05-29 19:09:51"}
{"symbol":"ETHUSDT","trade_id":4054586830,"price":2015.16,"quantity":0.01,"is_buyer_maker":true,"timestamp":"2026-05-29 19:09:50.344","collected_at":"2026-05-29 19:09:51"}
{"symbol":"ETHUSDT","trade_id":4054586848,"price":2015.2,"quantity":0.0026,"is_buyer_maker":true,"timestamp":"2026-05-29 19:09:50.344","collected_at":"2026-05-29 19:09:51"}
{"symbol":"ETHUSDT","trade_id":4054586845,"price":2015.2,"quantity":0.0025,"is_buyer_maker":true,"timestamp":"2026-05-29 19:09:50.344","collected_at":"2026-05-29 19:09:51"}
{"symbol":"ETHUSDT","trade_id":4054586857,"price":2015.21,"quantity":0.0025,"is_buyer_maker":true,"timestamp":"2026-05-29 19:09:50.344","collected_at":"2026-05-29 19:09:51"}
{"symbol":"ETHUSDT","trade_id":4054586851,"price":2015.2,"quantity":0.0025,"is_buyer_maker":true,"timestamp":"2026-05-29 19:09:50.344","collected_at":"2026-05-29 19:09:51"}
{"symbol":"ETHUSDT","trade_id":4054586839,"price":2015.17,"quantity":0.0026,"is_buyer_maker":true,"timestamp":"2026-05-29 19:09:50.344","collected_at":"2026-05-29 19:09:51"}
{"symbol":"ETHUSDT","trade_id":4054586842,"price":2015.18,"quantity":0.01,"is_buyer_maker":true,"timestamp":"2026-05-29 19:09:50.344","collected_at":"2026-05-29 19:09:51"}
{"symbol":"ETHUSDT","trade_id":4054586866,"price":2015.22,"quantity":0.0025,"is_buyer_maker":true,"timestamp":"2026-05-29 19:09:50.344","collected_at":"2026-05-29 19:09:51"}
{"symbol":"ETHUSDT","trade_id":4054586869,"price":2015.22,"quantity":0.0025,"is_buyer_maker":true,"timestamp":"2026-05-29 19:09:50.344","collected_at":"2026-05-29 19:09:51"}
{"symbol":"ETHUSDT","trade_id":4054586871,"price":2015.23,"quantity":0.0024,"is_buyer_maker":true,"timestamp":"2026-05-29 19:09:50.345","collected_at":"2026-05-29 19:09:51"}
{"symbol":"ETHUSDT","trade_id":4054586872,"price":2015.23,"quantity":0.0976,"is_buyer_maker":true,"timestamp":"2026-05-29 19:09:50.345","collected_at":"2026-05-29 19:09:51"}
{"symbol":"BNBUSDT","trade_id":1504638798,"price":641.52,"quantity":0.016,"is_buyer_maker":true,"timestamp":"2026-05-29 19:09:50.435","collected_at":"2026-05-29 19:09:51"}
{"symbol":"ETHUSDT","trade_id":4054586873,"price":2015.23,"quantity":0.3048,"is_buyer_maker":true,"timestamp":"2026-05-29 19:09:50.774","collected_at":"2026-05-29 19:09:51"}
{"symbol":"ETHUSDT","trade_id":4054586876,"price":2015.23,"quantity":0.0026,"is_buyer_maker":true,"timestamp":"2026-05-29 19:09:50.774","collected_at":"2026-05-29 19:09:51"}
{"symbol":"ETHUSDT","trade_id":4054586874,"price":2015.23,"quantity":0.0025,"is_buyer_maker":true,"timestamp":"2026-05-29 19:09:50.774","collected_at":"2026-05-29 19:09:51"}
{"symbol":"ETHUSDT","trade_id":4054586877,"price":2015.23,"quantity":0.68,"is_buyer_maker":true,"timestamp":"2026-05-29 19:09:50.774","collected_at":"2026-05-29 19:09:51"}
{"symbol":"ETHUSDT","trade_id":4054586875,"price":2015.23,"quantity":0.0025,"is_buyer_maker":true,"timestamp":"2026-05-29 19:09:50.774","collected_at":"2026-05-29 19:09:51"}
{"symbol":"BNBUSDT","trade_id":1504638799,"price":641.53,"quantity":0.007,"is_buyer_maker":true,"timestamp":"2026-05-29 19:09:50.813","collected_at":"2026-05-29 19:09:51"}
{"symbol":"ETHUSDT","trade_id":4054586878,"price":2015.23,"quantity":0.0592,"is_buyer_maker":true,"timestamp":"2026-05-29 19:09:50.957","collected_at":"2026-05-29 19:09:52"}
{"symbol":"BTCUSDT","trade_id":6334415933,"price":73470.47,"quantity":0.00008,"is_buyer_maker":true,"timestamp":"2026-05-29 19:09:51.592","collected_at":"2026-05-29 19:09:52"}
{"symbol":"BTCUSDT","trade_id":6334415936,"price":73470.47,"quantity":0.00042,"is_buyer_maker":true,"timestamp":"2026-05-29 19:09:51.592","collected_at":"2026-05-29 19:09:52"}
{"symbol":"BTCUSDT","trade_id":6334415925,"price":73470.47,"quantity":0.00007,"is_buyer_maker":true,"timestamp":"2026-05-29 19:09:51.592","collected_at":"2026-05-29 19:09:52"}
{"symbol":"BTCUSDT","trade_id":6334415934,"price":73470.47,"quantity":0.00008,"is_buyer_maker":true,"timestamp":"2026-05-29 19:09:51.592","collected_at":"2026-05-29 19:09:52"}
{"symbol":"BTCUSDT","trade_id":6334415928,"price":73470.47,"quantity":0.0013,"is_buyer_maker":true,"timestamp":"2026-05-29 19:09:51.592","collected_at":"2026-05-29 19:09:52"}
{"symbol":"BTCUSDT","trade_id":6334415931,"price":73470.47,"quantity":0.00007,"is_buyer_maker":true,"timestamp":"2026-05-29 19:09:51.592","collected_at":"2026-05-29 19:09:52"}
{"symbol":"BTCUSDT","trade_id":6334415932,"price":73470.47,"quantity":0.00007,"is_buyer_maker":true,"timestamp":"2026-05-29 19:09:51.592","collected_at":"2026-05-29 19:09:52"}
{"symbol":"BTCUSDT","trade_id":6334415929,"price":73470.47,"quantity":0.0013,"is_buyer_maker":true,"timestamp":"2026-05-29 19:09:51.592","collected_at":"2026-05-29 19:09:52"}
{"symbol":"BTCUSDT","trade_id":6334415926,"price":73470.47,"quantity":0.0013,"is_buyer_maker":true,"timestamp":"2026-05-29 19:09:51.592","collected_at":"2026-05-29 19:09:52"}
{"symbol":"BTCUSDT","trade_id":6334415935,"price":73470.47,"quantity":0.00022,"is_buyer_maker":true,"timestamp":"2026-05-29 19:09:51.592","collected_at":"2026-05-29 19:09:52"}
{"symbol":"BTCUSDT","trade_id":6334415930,"price":73470.47,"quantity":0.0013,"is_buyer_maker":true,"timestamp":"2026-05-29 19:09:51.592","collected_at":"2026-05-29 19:09:52"}
{"symbol":"BTCUSDT","trade_id":6334415924,"price":73470.47,"quantity":0.0013,"is_buyer_maker":true,"timestamp":"2026-05-29 19:09:51.592","collected_at":"2026-05-29 19:09:52"}
{"symbol":"BTCUSDT","trade_id":6334415927,"price":73470.47,"quantity":0.00014,"is_buyer_maker":true,"timestamp":"2026-05-29 19:09:51.592","collected_at":"2026-05-29 19:09:52"}
{"symbol":"ETHUSDT","trade_id":4054586879,"price":2015.22,"quantity":0.005,"is_buyer_maker":true,"timestamp":"2026-05-29 19:09:52.014","collected_at":"2026-05-29 19:09:53"}
{"symbol":"BTCUSDT","trade_id":6334415937,"price":73470.46,"quantity":0.00021,"is_buyer_maker":true,"timestamp":"2026-05-29 19:09:52.360","collected_at":"2026-05-29 19:09:53"}
{"symbol":"BTCUSDT","trade_id":6334415942,"price":73470.47,"quantity":0.02203,"is_buyer_maker":true,"timestamp":"2026-05-29 19:09:52.584","collected_at":"2026-05-29 19:09:53"}
{"symbol":"BTCUSDT","trade_id":6334415939,"price":73470.47,"quantity":0.00147,"is_buyer_maker":true,"timestamp":"2026-05-29 19:09:52.584","collected_at":"2026-05-29 19:09:53"}
{"symbol":"BTCUSDT","trade_id":6334415940,"price":73470.47,"quantity":0.00048,"is_buyer_maker":true,"timestamp":"2026-05-29 19:09:52.584","collected_at":"2026-05-29 19:09:53"}
{"symbol":"BTCUSDT","trade_id":6334415938,"price":73470.47,"quantity":0.00159,"is_buyer_maker":true,"timestamp":"2026-05-29 19:09:52.584","collected_at":"2026-05-29 19:09:53"}
{"symbol":"BTCUSDT","trade_id":6334415941,"price":73470.47,"quantity":0.00069,"is_buyer_maker":true,"timestamp":"2026-05-29 19:09:52.584","collected_at":"2026-05-29 19:09:53"}
{"symbol":"BNBUSDT","trade_id":1504638800,"price":641.53,"quantity":0.007,"is_buyer_maker":true,"timestamp":"2026-05-29 19:09:52.792","collected_at":"2026-05-29 19:09:53"}
{"symbol":"BNBUSDT","trade_id":1504638801,"price":641.53,"quantity":1.269,"is_buyer_maker":true,"timestamp":"2026-05-29 19:09:53.267","collected_at":"2026-05-29 19:09:54"}
{"symbol":"BNBUSDT","trade_id":1504638804,"price":641.53,"quantity":0.008,"is_buyer_maker":true,"timestamp":"2026-05-29 19:09:53.267","collected_at":"2026-05-29 19:09:54"}
{"symbol":"BNBUSDT","trade_id":1504638805,"price":641.53,"quantity":0.009,"is_buyer_maker":true,"timestamp":"2026-05-29 19:09:53.267","collected_at":"2026-05-29 19:09:54"}
{"symbol":"BNBUSDT","trade_id":1504638802,"price":641.53,"quantity":0.009,"is_buyer_maker":true,"timestamp":"2026-05-29 19:09:53.267","collected_at":"2026-05-29 19:09:54"}
{"symbol":"BNBUSDT","trade_id":1504638803,"price":641.53,"quantity":0.008,"is_buyer_maker":true,"timestamp":"2026-05-29 19:09:53.267","collected_at":"2026-05-29 19:09:54"}
{"symbol":"BNBUSDT","trade_id":1504638806,"price":641.53,"quantity":1.666,"is_buyer_maker":true,"timestamp":"2026-05-29 19:09:53.267","collected_at":"2026-05-29 19:09:54"}
{"symbol":"BNBUSDT","trade_id":1504638807,"price":641.53,"quantity":0.007,"is_buyer_maker":true,"timestamp":"2026-05-29 19:09:54.545","collected_at":"2026-05-29 19:09:55"}
{"symbol":"BNBUSDT","trade_id":1504638808,"price":641.53,"quantity":0.012,"is_buyer_maker":true,"timestamp":"2026-05-29 19:09:54.579","collected_at":"2026-05-29 19:09:55"}
{"symbol":"BTCUSDT","trade_id":6334415943,"price":73470.47,"quantity":0.12154,"is_buyer_maker":true,"timestamp":"2026-05-29 19:09:54.585","collected_at":"2026-05-29 19:09:55"}
{"symbol":"ETHUSDT","trade_id":4054586880,"price":2015.23,"quantity":0.043,"is_buyer_maker":true,"timestamp":"2026-05-29 19:09:55.334","collected_at":"2026-05-29 19:09:56"}
{"symbol":"ETHUSDT","trade_id":4054586881,"price":2015.23,"quantity":0.0496,"is_buyer_maker":true,"timestamp":"2026-05-29 19:09:56.073","collected_at":"2026-05-29 19:09:57"}
{"symbol":"ETHUSDT","trade_id":4054586882,"price":2015.23,"quantity":0.1,"is_buyer_maker":true,"timestamp":"2026-05-29 19:09:56.183","collected_at":"2026-05-29 19:09:57"}
{"symbol":"ETHUSDT","trade_id":4054586914,"price":2015.24,"quantity":0.0026,"is_buyer_maker":true,"timestamp":"2026-05-29 19:09:56.341","collected_at":"2026-05-29 19:09:57"}
{"symbol":"ETHUSDT","trade_id":4054586926,"price":2015.25,"quantity":0.0027,"is_buyer_maker":true,"timestamp":"2026-05-29 19:09:56.341","collected_at":"2026-05-29 19:09:57"}
{"symbol":"ETHUSDT","trade_id":4054586917,"price":2015.24,"quantity":0.0025,"is_buyer_maker":true,"timestamp":"2026-05-29 19:09:56.341","collected_at":"2026-05-29 19:09:57"}
{"symbol":"ETHUSDT","trade_id":4054586920,"price":2015.25,"quantity":0.0027,"is_buyer_maker":true,"timestamp":"2026-05-29 19:09:56.341","collected_at":"2026-05-29 19:09:57"}
{"symbol":"ETHUSDT","trade_id":4054586923,"price":2015.25,"quantity":0.005,"is_buyer_maker":true,"timestamp":"2026-05-29 19:09:56.341","collected_at":"2026-05-29 19:09:57"}
{"symbol":"ETHUSDT","trade_id":4054586912,"price":2015.24,"quantity":0.005,"is_buyer_maker":true,"timestamp":"2026-05-29 19:09:56.341","collected_at":"2026-05-29 19:09:57"}
{"symbol":"ETHUSDT","trade_id":4054586900,"price":2015.23,"quantity":0.0026,"is_buyer_maker":true,"timestamp":"2026-05-29 19:09:56.341","collected_at":"2026-05-29 19:09:57"}
{"symbol":"ETHUSDT","trade_id":4054586885,"price":2015.23,"quantity":0.0025,"is_buyer_maker":true,"timestamp":"2026-05-29 19:09:56.341","collected_at":"2026-05-29 19:09:57"}
{"symbol":"ETHUSDT","trade_id":4054586903,"price":2015.23,"quantity":0.0025,"is_buyer_maker":true,"timestamp":"2026-05-29 19:09:56.341","collected_at":"2026-05-29 19:09:57"}
{"symbol":"ETHUSDT","trade_id":4054586909,"price":2015.24,"quantity":0.0026,"is_buyer_maker":true,"timestamp":"2026-05-29 19:09:56.341","collected_at":"2026-05-29 19:09:57"}
{"symbol":"ETHUSDT","trade_id":4054586915,"price":2015.24,"quantity":0.0026,"is_buyer_maker":true,"timestamp":"2026-05-29 19:09:56.341","collected_at":"2026-05-29 19:09:57"}
{"symbol":"ETHUSDT","trade_id":4054586921,"price":2015.25,"quantity":0.0026,"is_buyer_maker":true,"timestamp":"2026-05-29 19:09:56.341","collected_at":"2026-05-29 19:09:57"}
{"symbol":"ETHUSDT","trade_id":4054586906,"price":2015.23,"quantity":0.0025,"is_buyer_maker":true,"timestamp":"2026-05-29 19:09:56.341","collected_at":"2026-05-29 19:09:57"}
{"symbol":"ETHUSDT","trade_id":4054586891,"price":2015.23,"quantity":0.0026,"is_buyer_maker":true,"timestamp":"2026-05-29 19:09:56.341","collected_at":"2026-05-29 19:09:57"}
{"symbol":"ETHUSDT","trade_id":4054586897,"price":2015.23,"quantity":0.0026,"is_buyer_maker":true,"timestamp":"2026-05-29 19:09:56.341","collected_at":"2026-05-29 19:09:57"}
{"symbol":"ETHUSDT","trade_id":4054586918,"price":2015.24,"quantity":0.0025,"is_buyer_maker":true,"timestamp":"2026-05-29 19:09:56.341","collected_at":"2026-05-29 19:09:57"}
{"symbol":"ETHUSDT","trade_id":4054586894,"price":2015.23,"quantity":0.0025,"is_buyer_maker":true,"timestamp":"2026-05-29 19:09:56.341","collected_at":"2026-05-29 19:09:57"}
{"symbol":"ETHUSDT","trade_id":4054586888,"price":2015.23,"quantity":0.01,"is_buyer_maker":true,"timestamp":"2026-05-29 19:09:56.341","collected_at":"2026-05-29 19:09:57"}
{"symbol":"ETHUSDT","trade_id":4054586924,"price":2015.25,"quantity":0.0026,"is_buyer_maker":true,"timestamp":"2026-05-29 19:09:56.341","collected_at":"2026-05-29 19:09:57"}
{"symbol":"ETHUSDT","trade_id":4054586892,"price":2015.23,"quantity":0.4024,"is_buyer_maker":true,"timestamp":"2026-05-29 19:09:56.341","collected_at":"2026-05-29 19:09:57"}
{"symbol":"ETHUSDT","trade_id":4054586886,"price":2015.23,"quantity":0.0025,"is_buyer_maker":true,"timestamp":"2026-05-29 19:09:56.341","collected_at":"2026-05-29 19:09:57"}
{"symbol":"ETHUSDT","trade_id":4054586883,"price":2015.23,"quantity":0.3024,"is_buyer_maker":true,"timestamp":"2026-05-29 19:09:56.341","collected_at":"2026-05-29 19:09:57"}
{"symbol":"ETHUSDT","trade_id":4054586895,"price":2015.23,"quantity":0.0026,"is_buyer_maker":true,"timestamp":"2026-05-29 19:09:56.341","collected_at":"2026-05-29 19:09:57"}
{"symbol":"ETHUSDT","trade_id":4054586889,"price":2015.23,"quantity":0.0025,"is_buyer_maker":true,"timestamp":"2026-05-29 19:09:56.341","collected_at":"2026-05-29 19:09:57"}
{"symbol":"ETHUSDT","trade_id":4054586925,"price":2015.25,"quantity":0.0052,"is_buyer_maker":true,"timestamp":"2026-05-29 19:09:56.341","collected_at":"2026-05-29 19:09:57"}
{"symbol":"ETHUSDT","trade_id":4054586919,"price":2015.25,"quantity":0.0027,"is_buyer_maker":true,"timestamp":"2026-05-29 19:09:56.341","collected_at":"2026-05-29 19:09:57"}
{"symbol":"ETHUSDT","trade_id":4054586898,"price":2015.23,"quantity":0.0026,"is_buyer_maker":true,"timestamp":"2026-05-29 19:09:56.341","collected_at":"2026-05-29 19:09:57"}
{"symbol":"ETHUSDT","trade_id":4054586910,"price":2015.24,"quantity":0.0025,"is_buyer_maker":true,"timestamp":"2026-05-29 19:09:56.341","collected_at":"2026-05-29 19:09:57"}
{"symbol":"ETHUSDT","trade_id":4054586904,"price":2015.23,"quantity":0.0025,"is_buyer_maker":true,"timestamp":"2026-05-29 19:09:56.341","collected_at":"2026-05-29 19:09:57"}
{"symbol":"ETHUSDT","trade_id":4054586907,"price":2015.23,"quantity":0.0025,"is_buyer_maker":true,"timestamp":"2026-05-29 19:09:56.341","collected_at":"2026-05-29 19:09:57"}
{"symbol":"ETHUSDT","trade_id":4054586922,"price":2015.25,"quantity":0.01,"is_buyer_maker":true,"timestamp":"2026-05-29 19:09:56.341","collected_at":"2026-05-29 19:09:57"}
{"symbol":"ETHUSDT","trade_id":4054586913,"price":2015.24,"quantity":0.0026,"is_buyer_maker":true,"timestamp":"2026-05-29 19:09:56.341","collected_at":"2026-05-29 19:09:57"}
{"symbol":"ETHUSDT","trade_id":4054586916,"price":2015.24,"quantity":0.0025,"is_buyer_maker":true,"timestamp":"2026-05-29 19:09:56.341","collected_at":"2026-05-29 19:09:57"}
{"symbol":"ETHUSDT","trade_id":4054586901,"price":2015.23,"quantity":0.0055,"is_buyer_maker":true,"timestamp":"2026-05-29 19:09:56.341","collected_at":"2026-05-29 19:09:57"}
{"symbol":"ETHUSDT","trade_id":4054586887,"price":2015.23,"quantity":0.0025,"is_buyer_maker":true,"timestamp":"2026-05-29 19:09:56.341","collected_at":"2026-05-29 19:09:57"}
{"symbol":"ETHUSDT","trade_id":4054586905,"price":2015.23,"quantity":0.0025,"is_buyer_maker":true,"timestamp":"2026-05-29 19:09:56.341","collected_at":"2026-05-29 19:09:57"}
{"symbol":"ETHUSDT","trade_id":4054586911,"price":2015.24,"quantity":0.0025,"is_buyer_maker":true,"timestamp":"2026-05-29 19:09:56.341","collected_at":"2026-05-29 19:09:57"}
{"symbol":"ETHUSDT","trade_id":4054586902,"price":2015.23,"quantity":0.0025,"is_buyer_maker":true,"timestamp":"2026-05-29 19:09:56.341","collected_at":"2026-05-29 19:09:57"}
{"symbol":"ETHUSDT","trade_id":4054586890,"price":2015.23,"quantity":0.0025,"is_buyer_maker":true,"timestamp":"2026-05-29 19:09:56.341","collected_at":"2026-05-29 19:09:57"}
{"symbol":"ETHUSDT","trade_id":4054586893,"price":2015.23,"quantity":0.005,"is_buyer_maker":true,"timestamp":"2026-05-29 19:09:56.341","collected_at":"2026-05-29 19:09:57"}
{"symbol":"ETHUSDT","trade_id":4054586908,"price":2015.24,"quantity":0.0025,"is_buyer_maker":true,"timestamp":"2026-05-29 19:09:56.341","collected_at":"2026-05-29 19:09:57"}
{"symbol":"ETHUSDT","trade_id":4054586896,"price":2015.23,"quantity":0.0026,"is_buyer_maker":true,"timestamp":"2026-05-29 19:09:56.341","collected_at":"2026-05-29 19:09:57"}
{"symbol":"ETHUSDT","trade_id":4054586899,"price":2015.23,"quantity":0.0026,"is_buyer_maker":true,"timestamp":"2026-05-29 19:09:56.341","collected_at":"2026-05-29 19:09:57"}
{"symbol":"ETHUSDT","trade_id":4054586884,"price":2015.23,"quantity":0.0025,"is_buyer_maker":true,"timestamp":"2026-05-29 19:09:56.341","collected_at":"2026-05-29 19:09:57"}
{"symbol":"BNBUSDT","trade_id":1504638809,"price":641.53,"quantity":0.007,"is_buyer_maker":true,"timestamp":"2026-05-29 19:09:56.411","collected_at":"2026-05-29 19:09:57"}
{"symbol":"ETHUSDT","trade_id":4054586938,"price":2015.26,"quantity":0.005,"is_buyer_maker":true,"timestamp":"2026-05-29 19:09:56.416","collected_at":"2026-05-29 19:09:57"}
{"symbol":"ETHUSDT","trade_id":4054586941,"price":2015.27,"quantity":0.0026,"is_buyer_maker":true,"timestamp":"2026-05-29 19:09:56.416","collected_at":"2026-05-29 19:09:57"}
{"symbol":"ETHUSDT","trade_id":4054586950,"price":2015.28,"quantity":0.0026,"is_buyer_maker":true,"timestamp":"2026-05-29 19:09:56.416","collected_at":"2026-05-29 19:09:57"}
{"symbol":"ETHUSDT","trade_id":4054586947,"price":2015.27,"quantity":0.005,"is_buyer_maker":true,"timestamp":"2026-05-29 19:09:56.416","collected_at":"2026-05-29 19:09:57"}
{"symbol":"ETHUSDT","trade_id":4054586932,"price":2015.26,"quantity":0.0026,"is_buyer_maker":true,"timestamp":"2026-05-29 19:09:56.416","collected_at":"2026-05-29 19:09:57"}
{"symbol":"ETHUSDT","trade_id":4054586935,"price":2015.26,"quantity":0.0026,"is_buyer_maker":true,"timestamp":"2026-05-29 19:09:56.416","collected_at":"2026-05-29 19:09:57"}
{"symbol":"ETHUSDT","trade_id":4054586929,"price":2015.26,"quantity":0.0025,"is_buyer_maker":true,"timestamp":"2026-05-29 19:09:56.416","collected_at":"2026-05-29 19:09:57"}
{"symbol":"ETHUSDT","trade_id":4054586959,"price":2015.3,"quantity":0.0025,"is_buyer_maker":true,"timestamp":"2026-05-29 19:09:56.416","collected_at":"2026-05-29 19:09:57"}
{"symbol":"ETHUSDT","trade_id":4054586956,"price":2015.3,"quantity":0.0025,"is_buyer_maker":true,"timestamp":"2026-05-29 19:09:56.416","collected_at":"2026-05-29 19:09:57"}
{"symbol":"ETHUSDT","trade_id":4054586962,"price":2015.31,"quantity":0.0025,"is_buyer_maker":true,"timestamp":"2026-05-29 19:09:56.416","collected_at":"2026-05-29 19:09:57"}
{"symbol":"ETHUSDT","trade_id":4054586944,"price":2015.27,"quantity":0.0025,"is_buyer_maker":true,"timestamp":"2026-05-29 19:09:56.416","collected_at":"2026-05-29 19:09:57"}
{"symbol":"ETHUSDT","trade_id":4054586953,"price":2015.29,"quantity":0.0026,"is_buyer_maker":true,"timestamp":"2026-05-29 19:09:56.416","collected_at":"2026-05-29 19:09:57"}
{"symbol":"ETHUSDT","trade_id":4054586965,"price":2015.31,"quantity":0.0027,"is_buyer_maker":true,"timestamp":"2026-05-29 19:09:56.416","collected_at":"2026-05-29 19:09:57"}
{"symbol":"ETHUSDT","trade_id":4054586968,"price":2015.31,"quantity":0.0025,"is_buyer_maker":true,"timestamp":"2026-05-29 19:09:56.416","collected_at":"2026-05-29 19:09:57"}
{"symbol":"ETHUSDT","trade_id":4054586971,"price":2015.31,"quantity":0.0025,"is_buyer_maker":true,"timestamp":"2026-05-29 19:09:56.416","collected_at":"2026-05-29 19:09:57"}
{"symbol":"ETHUSDT","trade_id":4054586927,"price":2015.26,"quantity":0.5955,"is_buyer_maker":true,"timestamp":"2026-05-29 19:09:56.416","collected_at":"2026-05-29 19:09:57"}
{"symbol":"ETHUSDT","trade_id":4054586972,"price":2015.31,"quantity":0.0025,"is_buyer_maker":true,"timestamp":"2026-05-29 19:09:56.416","collected_at":"2026-05-29 19:09:57"}
{"symbol":"ETHUSDT","trade_id":4054586945,"price":2015.27,"quantity":0.0026,"is_buyer_maker":true,"timestamp":"2026-05-29 19:09:56.416","collected_at":"2026-05-29 19:09:57"}
{"symbol":"ETHUSDT","trade_id":4054586942,"price":2015.27,"quantity":0.0026,"is_buyer_maker":true,"timestamp":"2026-05-29 19:09:56.416","collected_at":"2026-05-29 19:09:57"}
{"symbol":"ETHUSDT","trade_id":4054586933,"price":2015.26,"quantity":0.0026,"is_buyer_maker":true,"timestamp":"2026-05-29 19:09:56.416","collected_at":"2026-05-29 19:09:57"}
{"symbol":"ETHUSDT","trade_id":4054586948,"price":2015.27,"quantity":0.0026,"is_buyer_maker":true,"timestamp":"2026-05-29 19:09:56.416","collected_at":"2026-05-29 19:09:57"}
{"symbol":"ETHUSDT","trade_id":4054586930,"price":2015.26,"quantity":0.0025,"is_buyer_maker":true,"timestamp":"2026-05-29 19:09:56.416","collected_at":"2026-05-29 19:09:57"}
{"symbol":"ETHUSDT","trade_id":4054586960,"price":2015.3,"quantity":0.0025,"is_buyer_maker":true,"timestamp":"2026-05-29 19:09:56.416","collected_at":"2026-05-29 19:09:57"}
{"symbol":"ETHUSDT","trade_id":4054586957,"price":2015.3,"quantity":0.0026,"is_buyer_maker":true,"timestamp":"2026-05-29 19:09:56.416","collected_at":"2026-05-29 19:09:57"}
{"symbol":"ETHUSDT","trade_id":4054586936,"price":2015.26,"quantity":0.0026,"is_buyer_maker":true,"timestamp":"2026-05-29 19:09:56.416","collected_at":"2026-05-29 19:09:57"}
{"symbol":"ETHUSDT","trade_id":4054586954,"price":2015.3,"quantity":0.0025,"is_buyer_maker":true,"timestamp":"2026-05-29 19:09:56.416","collected_at":"2026-05-29 19:09:57"}
{"symbol":"ETHUSDT","trade_id":4054586951,"price":2015.28,"quantity":0.005,"is_buyer_maker":true,"timestamp":"2026-05-29 19:09:56.416","collected_at":"2026-05-29 19:09:57"}
{"symbol":"ETHUSDT","trade_id":4054586939,"price":2015.26,"quantity":0.0025,"is_buyer_maker":true,"timestamp":"2026-05-29 19:09:56.416","collected_at":"2026-05-29 19:09:57"}
{"symbol":"ETHUSDT","trade_id":4054586969,"price":2015.31,"quantity":0.0027,"is_buyer_maker":true,"timestamp":"2026-05-29 19:09:56.416","collected_at":"2026-05-29 19:09:57"}
{"symbol":"ETHUSDT","trade_id":4054586963,"price":2015.31,"quantity":0.003,"is_buyer_maker":true,"timestamp":"2026-05-29 19:09:56.416","collected_at":"2026-05-29 19:09:57"}
{"symbol":"ETHUSDT","trade_id":4054586966,"price":2015.31,"quantity":0.0026,"is_buyer_maker":true,"timestamp":"2026-05-29 19:09:56.416","collected_at":"2026-05-29 19:09:57"}
{"symbol":"ETHUSDT","trade_id":4054586946,"price":2015.27,"quantity":0.0026,"is_buyer_maker":true,"timestamp":"2026-05-29 19:09:56.416","collected_at":"2026-05-29 19:09:57"}
{"symbol":"ETHUSDT","trade_id":4054586937,"price":2015.26,"quantity":0.0026,"is_buyer_maker":true,"timestamp":"2026-05-29 19:09:56.416","collected_at":"2026-05-29 19:09:57"}
{"symbol":"ETHUSDT","trade_id":4054586940,"price":2015.27,"quantity":0.01,"is_buyer_maker":true,"timestamp":"2026-05-29 19:09:56.416","collected_at":"2026-05-29 19:09:57"}
{"symbol":"ETHUSDT","trade_id":4054586931,"price":2015.26,"quantity":0.0026,"is_buyer_maker":true,"timestamp":"2026-05-29 19:09:56.416","collected_at":"2026-05-29 19:09:57"}
{"symbol":"ETHUSDT","trade_id":4054586934,"price":2015.26,"quantity":0.0026,"is_buyer_maker":true,"timestamp":"2026-05-29 19:09:56.416","collected_at":"2026-05-29 19:09:57"}
{"symbol":"ETHUSDT","trade_id":4054586928,"price":2015.26,"quantity":0.0026,"is_buyer_maker":true,"timestamp":"2026-05-29 19:09:56.416","collected_at":"2026-05-29 19:09:57"}
{"symbol":"ETHUSDT","trade_id":4054586943,"price":2015.27,"quantity":0.0026,"is_buyer_maker":true,"timestamp":"2026-05-29 19:09:56.416","collected_at":"2026-05-29 19:09:57"}
{"symbol":"ETHUSDT","trade_id":4054586970,"price":2015.31,"quantity":0.0025,"is_buyer_maker":true,"timestamp":"2026-05-29 19:09:56.416","collected_at":"2026-05-29 19:09:57"}
{"symbol":"ETHUSDT","trade_id":4054586955,"price":2015.3,"quantity":0.0025,"is_buyer_maker":true,"timestamp":"2026-05-29 19:09:56.416","collected_at":"2026-05-29 19:09:57"}
{"symbol":"ETHUSDT","trade_id":4054586964,"price":2015.31,"quantity":0.0027,"is_buyer_maker":true,"timestamp":"2026-05-29 19:09:56.416","collected_at":"2026-05-29 19:09:57"}
{"symbol":"ETHUSDT","trade_id":4054586961,"price":2015.3,"quantity":0.0025,"is_buyer_maker":true,"timestamp":"2026-05-29 19:09:56.416","collected_at":"2026-05-29 19:09:57"}
{"symbol":"ETHUSDT","trade_id":4054586958,"price":2015.3,"quantity":0.0025,"is_buyer_maker":true,"timestamp":"2026-05-29 19:09:56.416","collected_at":"2026-05-29 19:09:57"}
{"symbol":"ETHUSDT","trade_id":4054586952,"price":2015.29,"quantity":0.0026,"is_buyer_maker":true,"timestamp":"2026-05-29 19:09:56.416","collected_at":"2026-05-29 19:09:57"}
{"symbol":"ETHUSDT","trade_id":4054586949,"price":2015.27,"quantity":0.0025,"is_buyer_maker":true,"timestamp":"2026-05-29 19:09:56.416","collected_at":"2026-05-29 19:09:57"}
{"symbol":"ETHUSDT","trade_id":4054586967,"price":2015.31,"quantity":0.02,"is_buyer_maker":true,"timestamp":"2026-05-29 19:09:56.416","collected_at":"2026-05-29 19:09:57"}
{"symbol":"BTCUSDT","trade_id":6334415954,"price":73470.47,"quantity":0.00007,"is_buyer_maker":true,"timestamp":"2026-05-29 19:09:56.736","collected_at":"2026-05-29 19:09:57"}
{"symbol":"BTCUSDT","trade_id":6334415951,"price":73470.47,"quantity":0.00008,"is_buyer_maker":true,"timestamp":"2026-05-29 19:09:56.736","collected_at":"2026-05-29 19:09:57"}
{"symbol":"BTCUSDT","trade_id":6334415948,"price":73470.47,"quantity":0.00012,"is_buyer_maker":true,"timestamp":"2026-05-29 19:09:56.736","collected_at":"2026-05-29 19:09:57"}
{"symbol":"BTCUSDT","trade_id":6334415945,"price":73470.47,"quantity":0.00007,"is_buyer_maker":true,"timestamp":"2026-05-29 19:09:56.736","collected_at":"2026-05-29 19:09:57"}
{"symbol":"BTCUSDT","trade_id":6334415957,"price":73470.47,"quantity":0.0001,"is_buyer_maker":true,"timestamp":"2026-05-29 19:09:56.736","collected_at":"2026-05-29 19:09:57"}
{"symbol":"BTCUSDT","trade_id":6334415946,"price":73470.47,"quantity":0.00008,"is_buyer_maker":true,"timestamp":"2026-05-29 19:09:56.736","collected_at":"2026-05-29 19:09:57"}
{"symbol":"BTCUSDT","trade_id":6334415952,"price":73470.47,"quantity":0.00014,"is_buyer_maker":true,"timestamp":"2026-05-29 19:09:56.736","collected_at":"2026-05-29 19:09:57"}
{"symbol":"BTCUSDT","trade_id":6334415955,"price":73470.47,"quantity":0.00007,"is_buyer_maker":true,"timestamp":"2026-05-29 19:09:56.736","collected_at":"2026-05-29 19:09:57"}
{"symbol":"BTCUSDT","trade_id":6334415949,"price":73470.47,"quantity":0.00007,"is_buyer_maker":true,"timestamp":"2026-05-29 19:09:56.736","collected_at":"2026-05-29 19:09:57"}
{"symbol":"BTCUSDT","trade_id":6334415950,"price":73470.47,"quantity":0.00008,"is_buyer_maker":true,"timestamp":"2026-05-29 19:09:56.736","collected_at":"2026-05-29 19:09:57"}
{"symbol":"BTCUSDT","trade_id":6334415947,"price":73470.47,"quantity":0.00007,"is_buyer_maker":true,"timestamp":"2026-05-29 19:09:56.736","collected_at":"2026-05-29 19:09:57"}
{"symbol":"BTCUSDT","trade_id":6334415944,"price":73470.47,"quantity":0.00007,"is_buyer_maker":true,"timestamp":"2026-05-29 19:09:56.736","collected_at":"2026-05-29 19:09:57"}
{"symbol":"BTCUSDT","trade_id":6334415953,"price":73470.47,"quantity":0.00007,"is_buyer_maker":true,"timestamp":"2026-05-29 19:09:56.736","collected_at":"2026-05-29 19:09:57"}
{"symbol":"BTCUSDT","trade_id":6334415956,"price":73470.47,"quantity":0.00007,"is_buyer_maker":true,"timestamp":"2026-05-29 19:09:56.736","collected_at":"2026-05-29 19:09:57"}
{"symbol":"BTCUSDT","trade_id":6334415960,"price":73470.47,"quantity":0.0007,"is_buyer_maker":true,"timestamp":"2026-05-29 19:09:56.936","collected_at":"2026-05-29 19:09:58"}
{"symbol":"BTCUSDT","trade_id":6334415961,"price":73470.47,"quantity":0.00025,"is_buyer_maker":true,"timestamp":"2026-05-29 19:09:56.936","collected_at":"2026-05-29 19:09:58"}
{"symbol":"BTCUSDT","trade_id":6334415958,"price":73470.47,"quantity":0.00022,"is_buyer_maker":true,"timestamp":"2026-05-29 19:09:56.936","collected_at":"2026-05-29 19:09:58"}
{"symbol":"BTCUSDT","trade_id":6334415959,"price":73470.47,"quantity":0.00019,"is_buyer_maker":true,"timestamp":"2026-05-29 19:09:56.936","collected_at":"2026-05-29 19:09:58"}
{"symbol":"BTCUSDT","trade_id":6334415966,"price":73470.47,"quantity":0.00007,"is_buyer_maker":true,"timestamp":"2026-05-29 19:09:57.025","collected_at":"2026-05-29 19:09:58"}
{"symbol":"BTCUSDT","trade_id":6334415963,"price":73470.47,"quantity":0.00008,"is_buyer_maker":true,"timestamp":"2026-05-29 19:09:57.025","collected_at":"2026-05-29 19:09:58"}
{"symbol":"BTCUSDT","trade_id":6334415969,"price":73470.47,"quantity":0.00027,"is_buyer_maker":true,"timestamp":"2026-05-29 19:09:57.025","collected_at":"2026-05-29 19:09:58"}
{"symbol":"BTCUSDT","trade_id":6334415970,"price":73470.47,"quantity":0.00007,"is_buyer_maker":true,"timestamp":"2026-05-29 19:09:57.025","collected_at":"2026-05-29 19:09:58"}
{"symbol":"BTCUSDT","trade_id":6334415967,"price":73470.47,"quantity":0.00007,"is_buyer_maker":true,"timestamp":"2026-05-29 19:09:57.025","collected_at":"2026-05-29 19:09:58"}
{"symbol":"BTCUSDT","trade_id":6334415964,"price":73470.47,"quantity":0.00008,"is_buyer_maker":true,"timestamp":"2026-05-29 19:09:57.025","collected_at":"2026-05-29 19:09:58"}
{"symbol":"BTCUSDT","trade_id":6334415962,"price":73470.47,"quantity":0.00022,"is_buyer_maker":true,"timestamp":"2026-05-29 19:09:57.025","collected_at":"2026-05-29 19:09:58"}
{"symbol":"BTCUSDT","trade_id":6334415968,"price":73470.47,"quantity":0.00007,"is_buyer_maker":true,"timestamp":"2026-05-29 19:09:57.025","collected_at":"2026-05-29 19:09:58"}
{"symbol":"BTCUSDT","trade_id":6334415965,"price":73470.47,"quantity":0.00007,"is_buyer_maker":true,"timestamp":"2026-05-29 19:09:57.025","collected_at":"2026-05-29 19:09:58"}
{"symbol":"BTCUSDT","trade_id":6334415971,"price":73470.47,"quantity":0.00022,"is_buyer_maker":true,"timestamp":"2026-05-29 19:09:57.025","collected_at":"2026-05-29 19:09:58"}
{"symbol":"BTCUSDT","trade_id":6334415975,"price":73470.46,"quantity":0.00007,"is_buyer_maker":true,"timestamp":"2026-05-29 19:09:57.708","collected_at":"2026-05-29 19:09:58"}
{"symbol":"BTCUSDT","trade_id":6334415978,"price":73470.46,"quantity":0.0001,"is_buyer_maker":true,"timestamp":"2026-05-29 19:09:57.708","collected_at":"2026-05-29 19:09:58"}
{"symbol":"BTCUSDT","trade_id":6334415972,"price":73470.46,"quantity":0.00195,"is_buyer_maker":true,"timestamp":"2026-05-29 19:09:57.708","collected_at":"2026-05-29 19:09:58"}
{"symbol":"BTCUSDT","trade_id":6334415981,"price":73470.46,"quantity":0.0043,"is_buyer_maker":true,"timestamp":"2026-05-29 19:09:57.708","collected_at":"2026-05-29 19:09:58"}
{"symbol":"BTCUSDT","trade_id":6334415984,"price":73470.46,"quantity":0.0015,"is_buyer_maker":true,"timestamp":"2026-05-29 19:09:57.708","collected_at":"2026-05-29 19:09:58"}
{"symbol":"BTCUSDT","trade_id":6334415976,"price":73470.46,"quantity":0.00007,"is_buyer_maker":true,"timestamp":"2026-05-29 19:09:57.708","collected_at":"2026-05-29 19:09:58"}
{"symbol":"BTCUSDT","trade_id":6334415973,"price":73470.46,"quantity":0.00007,"is_buyer_maker":true,"timestamp":"2026-05-29 19:09:57.708","collected_at":"2026-05-29 19:09:58"}
{"symbol":"BTCUSDT","trade_id":6334415985,"price":73470.46,"quantity":0.1556,"is_buyer_maker":true,"timestamp":"2026-05-29 19:09:57.708","collected_at":"2026-05-29 19:09:58"}
{"symbol":"BTCUSDT","trade_id":6334415982,"price":73470.46,"quantity":0.022,"is_buyer_maker":true,"timestamp":"2026-05-29 19:09:57.708","collected_at":"2026-05-29 19:09:58"}
{"symbol":"BTCUSDT","trade_id":6334415979,"price":73470.46,"quantity":0.00732,"is_buyer_maker":true,"timestamp":"2026-05-29 19:09:57.708","collected_at":"2026-05-29 19:09:58"}
{"symbol":"BTCUSDT","trade_id":6334415983,"price":73470.46,"quantity":0.0025,"is_buyer_maker":true,"timestamp":"2026-05-29 19:09:57.708","collected_at":"2026-05-29 19:09:58"}
{"symbol":"BTCUSDT","trade_id":6334415977,"price":73470.46,"quantity":0.00008,"is_buyer_maker":true,"timestamp":"2026-05-29 19:09:57.708","collected_at":"2026-05-29 19:09:58"}
{"symbol":"BTCUSDT","trade_id":6334415986,"price":73470.46,"quantity":0.12966,"is_buyer_maker":true,"timestamp":"2026-05-29 19:09:57.708","collected_at":"2026-05-29 19:09:58"}
{"symbol":"BTCUSDT","trade_id":6334415980,"price":73470.46,"quantity":0.00014,"is_buyer_maker":true,"timestamp":"2026-05-29 19:09:57.708","collected_at":"2026-05-29 19:09:58"}
{"symbol":"BTCUSDT","trade_id":6334415974,"price":73470.46,"quantity":0.00007,"is_buyer_maker":true,"timestamp":"2026-05-29 19:09:57.708","collected_at":"2026-05-29 19:09:58"}
{"symbol":"BTCUSDT","trade_id":6334415987,"price":73470.47,"quantity":0.00138,"is_buyer_maker":true,"timestamp":"2026-05-29 19:09:58.037","collected_at":"2026-05-29 19:09:59"}
{"symbol":"BTCUSDT","trade_id":6334415988,"price":73470.46,"quantity":0.0007,"is_buyer_maker":true,"timestamp":"2026-05-29 19:09:58.167","collected_at":"2026-05-29 19:09:59"}
{"symbol":"BNBUSDT","trade_id":1504638810,"price":641.53,"quantity":0.007,"is_buyer_maker":true,"timestamp":"2026-05-29 19:09:58.238","collected_at":"2026-05-29 19:09:59"}
{"symbol":"BNBUSDT","trade_id":1504638811,"price":641.53,"quantity":0.33,"is_buyer_maker":true,"timestamp":"2026-05-29 19:09:59.515","collected_at":"2026-05-29 19:10:00"}
{"symbol":"BNBUSDT","trade_id":1504638813,"price":641.52,"quantity":0.009,"is_buyer_maker":true,"timestamp":"2026-05-29 19:09:59.597","collected_at":"2026-05-29 19:10:00"}
{"symbol":"BNBUSDT","trade_id":1504638816,"price":641.52,"quantity":0.009,"is_buyer_maker":true,"timestamp":"2026-05-29 19:09:59.597","collected_at":"2026-05-29 19:10:00"}
{"symbol":"BNBUSDT","trade_id":1504638814,"price":641.52,"quantity":0.009,"is_buyer_maker":true,"timestamp":"2026-05-29 19:09:59.597","collected_at":"2026-05-29 19:10:00"}
{"symbol":"BNBUSDT","trade_id":1504638817,"price":641.52,"quantity":0.008,"is_buyer_maker":true,"timestamp":"2026-05-29 19:09:59.597","collected_at":"2026-05-29 19:10:00"}
{"symbol":"BNBUSDT","trade_id":1504638818,"price":641.52,"quantity":0.626,"is_buyer_maker":true,"timestamp":"2026-05-29 19:09:59.597","collected_at":"2026-05-29 19:10:00"}
{"symbol":"BNBUSDT","trade_id":1504638815,"price":641.52,"quantity":0.009,"is_buyer_maker":true,"timestamp":"2026-05-29 19:09:59.597","collected_at":"2026-05-29 19:10:00"}
{"symbol":"BNBUSDT","trade_id":1504638812,"price":641.52,"quantity":0.291,"is_buyer_maker":true,"timestamp":"2026-05-29 19:09:59.597","collected_at":"2026-05-29 19:10:00"}
{"symbol":"BNBUSDT","trade_id":1504638819,"price":641.53,"quantity":0.031,"is_buyer_maker":true,"timestamp":"2026-05-29 19:09:59.696","collected_at":"2026-05-29 19:10:00"}
{"symbol":"BNBUSDT","trade_id":1504638820,"price":641.53,"quantity":0.007,"is_buyer_maker":true,"timestamp":"2026-05-29 19:09:59.976","collected_at":"2026-05-29 19:10:01"}
{"symbol":"BTCUSDT","trade_id":6334415989,"price":73470.46,"quantity":0.00093,"is_buyer_maker":true,"timestamp":"2026-05-29 19:10:00.011","collected_at":"2026-05-29 19:10:01"}
{"symbol":"BNBUSDT","trade_id":1504638821,"price":641.53,"quantity":0.016,"is_buyer_maker":true,"timestamp":"2026-05-29 19:10:00.315","collected_at":"2026-05-29 19:10:01"}
{"symbol":"BTCUSDT","trade_id":6334415990,"price":73470.47,"quantity":0.04248,"is_buyer_maker":true,"timestamp":"2026-05-29 19:10:00.685","collected_at":"2026-05-29 19:10:01"}
{"symbol":"BNBUSDT","trade_id":1504638822,"price":641.53,"quantity":0.007,"is_buyer_maker":true,"timestamp":"2026-05-29 19:10:01.781","collected_at":"2026-05-29 19:10:02"}
{"symbol":"BTCUSDT","trade_id":6334415991,"price":73470.46,"quantity":0.00007,"is_buyer_maker":true,"timestamp":"2026-05-29 19:10:01.877","collected_at":"2026-05-29 19:10:02"}
{"symbol":"BTCUSDT","trade_id":6334415992,"price":73470.46,"quantity":0.00465,"is_buyer_maker":true,"timestamp":"2026-05-29 19:10:01.877","collected_at":"2026-05-29 19:10:02"}
{"symbol":"BTCUSDT","trade_id":6334415993,"price":73470.47,"quantity":0.00131,"is_buyer_maker":true,"timestamp":"2026-05-29 19:10:02.267","collected_at":"2026-05-29 19:10:03"}
{"symbol":"BTCUSDT","trade_id":6334415994,"price":73470.46,"quantity":0.00272,"is_buyer_maker":true,"timestamp":"2026-05-29 19:10:02.426","collected_at":"2026-05-29 19:10:03"}
{"symbol":"BNBUSDT","trade_id":1504638823,"price":641.53,"quantity":0.576,"is_buyer_maker":true,"timestamp":"2026-05-29 19:10:02.952","collected_at":"2026-05-29 19:10:04"}
{"symbol":"BNBUSDT","trade_id":1504638824,"price":641.53,"quantity":0.007,"is_buyer_maker":true,"timestamp":"2026-05-29 19:10:03.513","collected_at":"2026-05-29 19:10:04"}
{"symbol":"BTCUSDT","trade_id":6334415995,"price":73470.46,"quantity":0.00014,"is_buyer_maker":true,"timestamp":"2026-05-29 19:10:04.004","collected_at":"2026-05-29 19:10:05"}
{"symbol":"BTCUSDT","trade_id":6334415996,"price":73470.47,"quantity":0.00978,"is_buyer_maker":true,"timestamp":"2026-05-29 19:10:04.172","collected_at":"2026-05-29 19:10:05"}
{"symbol":"BTCUSDT","trade_id":6334415997,"price":73470.47,"quantity":0.00179,"is_buyer_maker":true,"timestamp":"2026-05-29 19:10:04.273","collected_at":"2026-05-29 19:10:05"}
{"symbol":"BTCUSDT","trade_id":6334415998,"price":73470.47,"quantity":0.01242,"is_buyer_maker":true,"timestamp":"2026-05-29 19:10:04.345","collected_at":"2026-05-29 19:10:05"}
{"symbol":"BTCUSDT","trade_id":6334415999,"price":73470.47,"quantity":0.09291,"is_buyer_maker":true,"timestamp":"2026-05-29 19:10:04.585","collected_at":"2026-05-29 19:10:05"}
{"symbol":"BNBUSDT","trade_id":1504638825,"price":641.52,"quantity":1.154,"is_buyer_maker":true,"timestamp":"2026-05-29 19:10:04.589","collected_at":"2026-05-29 19:10:05"}
{"symbol":"BTCUSDT","trade_id":6334416000,"price":73470.46,"quantity":0.00007,"is_buyer_maker":true,"timestamp":"2026-05-29 19:10:04.632","collected_at":"2026-05-29 19:10:05"}
{"symbol":"BTCUSDT","trade_id":6334416001,"price":73470.46,"quantity":0.00002,"is_buyer_maker":true,"timestamp":"2026-05-29 19:10:04.632","collected_at":"2026-05-29 19:10:05"}
{"symbol":"BNBUSDT","trade_id":1504638826,"price":641.53,"quantity":0.007,"is_buyer_maker":true,"timestamp":"2026-05-29 19:10:05.142","collected_at":"2026-05-29 19:10:06"}
{"symbol":"BNBUSDT","trade_id":1504638827,"price":641.53,"quantity":0.136,"is_buyer_maker":true,"timestamp":"2026-05-29 19:10:05.144","collected_at":"2026-05-29 19:10:06"}
{"symbol":"BTCUSDT","trade_id":6334416002,"price":73470.46,"quantity":0.00199,"is_buyer_maker":true,"timestamp":"2026-05-29 19:10:05.324","collected_at":"2026-05-29 19:10:06"}
{"symbol":"BNBUSDT","trade_id":1504638828,"price":641.52,"quantity":0.013,"is_buyer_maker":true,"timestamp":"2026-05-29 19:10:05.775","collected_at":"2026-05-29 19:10:06"}
{"symbol":"BTCUSDT","trade_id":6334416003,"price":73470.47,"quantity":0.00009,"is_buyer_maker":true,"timestamp":"2026-05-29 19:10:05.815","collected_at":"2026-05-29 19:10:06"}
{"symbol":"ETHUSDT","trade_id":4054586973,"price":2015.32,"quantity":0.1358,"is_buyer_maker":true,"timestamp":"2026-05-29 19:10:05.822","collected_at":"2026-05-29 19:10:06"}
{"symbol":"BTCUSDT","trade_id":6334416004,"price":73470.47,"quantity":0.00197,"is_buyer_maker":true,"timestamp":"2026-05-29 19:10:06.218","collected_at":"2026-05-29 19:10:07"}
{"symbol":"ETHUSDT","trade_id":4054586974,"price":2015.31,"quantity":0.0025,"is_buyer_maker":true,"timestamp":"2026-05-29 19:10:06.497","collected_at":"2026-05-29 19:10:07"}
{"symbol":"ETHUSDT","trade_id":4054586977,"price":2015.31,"quantity":0.005,"is_buyer_maker":true,"timestamp":"2026-05-29 19:10:06.497","collected_at":"2026-05-29 19:10:07"}
{"symbol":"ETHUSDT","trade_id":4054586975,"price":2015.31,"quantity":0.0025,"is_buyer_maker":true,"timestamp":"2026-05-29 19:10:06.497","collected_at":"2026-05-29 19:10:07"}
{"symbol":"ETHUSDT","trade_id":4054586978,"price":2015.31,"quantity":0.0381,"is_buyer_maker":true,"timestamp":"2026-05-29 19:10:06.497","collected_at":"2026-05-29 19:10:07"}
{"symbol":"ETHUSDT","trade_id":4054586976,"price":2015.31,"quantity":0.0025,"is_buyer_maker":true,"timestamp":"2026-05-29 19:10:06.497","collected_at":"2026-05-29 19:10:07"}
{"symbol":"ETHUSDT","trade_id":4054586980,"price":2015.31,"quantity":0.0025,"is_buyer_maker":true,"timestamp":"2026-05-29 19:10:06.563","collected_at":"2026-05-29 19:10:07"}
{"symbol":"ETHUSDT","trade_id":4054586983,"price":2015.31,"quantity":0.0025,"is_buyer_maker":true,"timestamp":"2026-05-29 19:10:06.563","collected_at":"2026-05-29 19:10:07"}
{"symbol":"ETHUSDT","trade_id":4054586981,"price":2015.31,"quantity":0.0025,"is_buyer_maker":true,"timestamp":"2026-05-29 19:10:06.563","collected_at":"2026-05-29 19:10:07"}
{"symbol":"ETHUSDT","trade_id":4054586984,"price":2015.31,"quantity":0.0025,"is_buyer_maker":true,"timestamp":"2026-05-29 19:10:06.563","collected_at":"2026-05-29 19:10:07"}
{"symbol":"ETHUSDT","trade_id":4054586982,"price":2015.31,"quantity":0.0025,"is_buyer_maker":true,"timestamp":"2026-05-29 19:10:06.563","collected_at":"2026-05-29 19:10:07"}
{"symbol":"ETHUSDT","trade_id":4054586979,"price":2015.31,"quantity":0.0025,"is_buyer_maker":true,"timestamp":"2026-05-29 19:10:06.563","collected_at":"2026-05-29 19:10:07"}
{"symbol":"ETHUSDT","trade_id":4054586985,"price":2015.31,"quantity":0.0025,"is_buyer_maker":true,"timestamp":"2026-05-29 19:10:06.563","collected_at":"2026-05-29 19:10:07"}
{"symbol":"ETHUSDT","trade_id":4054587048,"price":2015.24,"quantity":0.0027,"is_buyer_maker":true,"timestamp":"2026-05-29 19:10:06.741","collected_at":"2026-05-29 19:10:07"}
{"symbol":"ETHUSDT","trade_id":4054587045,"price":2015.25,"quantity":0.0025,"is_buyer_maker":true,"timestamp":"2026-05-29 19:10:06.741","collected_at":"2026-05-29 19:10:07"}
{"symbol":"ETHUSDT","trade_id":4054586998,"price":2015.31,"quantity":0.0025,"is_buyer_maker":true,"timestamp":"2026-05-29 19:10:06.741","collected_at":"2026-05-29 19:10:07"}
{"symbol":"ETHUSDT","trade_id":4054587004,"price":2015.31,"quantity":0.0025,"is_buyer_maker":true,"timestamp":"2026-05-29 19:10:06.741","collected_at":"2026-05-29 19:10:07"}
{"symbol":"ETHUSDT","trade_id":4054586986,"price":2015.31,"quantity":0.0001,"is_buyer_maker":true,"timestamp":"2026-05-29 19:10:06.741","collected_at":"2026-05-29 19:10:07"}
{"symbol":"ETHUSDT","trade_id":4054586995,"price":2015.31,"quantity":0.0219,"is_buyer_maker":true,"timestamp":"2026-05-29 19:10:06.741","collected_at":"2026-05-29 19:10:07"}
{"symbol":"ETHUSDT","trade_id":4054586989,"price":2015.31,"quantity":0.2455,"is_buyer_maker":true,"timestamp":"2026-05-29 19:10:06.741","collected_at":"2026-05-29 19:10:07"}
{"symbol":"ETHUSDT","trade_id":4054586992,"price":2015.31,"quantity":0.0028,"is_buyer_maker":true,"timestamp":"2026-05-29 19:10:06.741","collected_at":"2026-05-29 19:10:07"}
{"symbol":"ETHUSDT","trade_id":4054587001,"price":2015.31,"quantity":0.0025,"is_buyer_maker":true,"timestamp":"2026-05-29 19:10:06.741","collected_at":"2026-05-29 19:10:07"}
{"symbol":"ETHUSDT","trade_id":4054587007,"price":2015.31,"quantity":0.0025,"is_buyer_maker":true,"timestamp":"2026-05-29 19:10:06.741","collected_at":"2026-05-29 19:10:07"}
{"symbol":"ETHUSDT","trade_id":4054587010,"price":2015.31,"quantity":0.0025,"is_buyer_maker":true,"timestamp":"2026-05-29 19:10:06.741","collected_at":"2026-05-29 19:10:07"}
{"symbol":"ETHUSDT","trade_id":4054587034,"price":2015.25,"quantity":0.0026,"is_buyer_maker":true,"timestamp":"2026-05-29 19:10:06.741","collected_at":"2026-05-29 19:10:07"}
{"symbol":"ETHUSDT","trade_id":4054587013,"price":2015.3,"quantity":0.0025,"is_buyer_maker":true,"timestamp":"2026-05-29 19:10:06.741","collected_at":"2026-05-29 19:10:07"}
{"symbol":"ETHUSDT","trade_id":4054587037,"price":2015.25,"quantity":0.0025,"is_buyer_maker":true,"timestamp":"2026-05-29 19:10:06.741","collected_at":"2026-05-29 19:10:07"}
{"symbol":"ETHUSDT","trade_id":4054587046,"price":2015.24,"quantity":0.0026,"is_buyer_maker":true,"timestamp":"2026-05-29 19:10:06.741","collected_at":"2026-05-29 19:10:07"}
{"symbol":"ETHUSDT","trade_id":4054587049,"price":2015.24,"quantity":0.0027,"is_buyer_maker":true,"timestamp":"2026-05-29 19:10:06.741","collected_at":"2026-05-29 19:10:07"}
{"symbol":"ETHUSDT","trade_id":4054587022,"price":2015.28,"quantity":0.0025,"is_buyer_maker":true,"timestamp":"2026-05-29 19:10:06.741","collected_at":"2026-05-29 19:10:07"}
{"symbol":"ETHUSDT","trade_id":4054587043,"price":2015.25,"quantity":0.0025,"is_buyer_maker":true,"timestamp":"2026-05-29 19:10:06.741","collected_at":"2026-05-29 19:10:07"}
{"symbol":"ETHUSDT","trade_id":4054587016,"price":2015.3,"quantity":0.0026,"is_buyer_maker":true,"timestamp":"2026-05-29 19:10:06.741","collected_at":"2026-05-29 19:10:07"}
{"symbol":"ETHUSDT","trade_id":4054587028,"price":2015.27,"quantity":0.01,"is_buyer_maker":true,"timestamp":"2026-05-29 19:10:06.741","collected_at":"2026-05-29 19:10:07"}
{"symbol":"ETHUSDT","trade_id":4054587040,"price":2015.25,"quantity":0.0025,"is_buyer_maker":true,"timestamp":"2026-05-29 19:10:06.741","collected_at":"2026-05-29 19:10:07"}
{"symbol":"ETHUSDT","trade_id":4054587025,"price":2015.28,"quantity":0.0025,"is_buyer_maker":true,"timestamp":"2026-05-29 19:10:06.741","collected_at":"2026-05-29 19:10:07"}
{"symbol":"ETHUSDT","trade_id":4054587019,"price":2015.29,"quantity":0.005,"is_buyer_maker":true,"timestamp":"2026-05-29 19:10:06.741","collected_at":"2026-05-29 19:10:07"}
{"symbol":"ETHUSDT","trade_id":4054587031,"price":2015.26,"quantity":0.0026,"is_buyer_maker":true,"timestamp":"2026-05-29 19:10:06.741","collected_at":"2026-05-29 19:10:07"}
{"symbol":"ETHUSDT","trade_id":4054587026,"price":2015.28,"quantity":0.0025,"is_buyer_maker":true,"timestamp":"2026-05-29 19:10:06.741","collected_at":"2026-05-29 19:10:07"}
{"symbol":"ETHUSDT","trade_id":4054587017,"price":2015.3,"quantity":0.0026,"is_buyer_maker":true,"timestamp":"2026-05-29 19:10:06.741","collected_at":"2026-05-29 19:10:07"}
{"symbol":"ETHUSDT","trade_id":4054587008,"price":2015.31,"quantity":0.0025,"is_buyer_maker":true,"timestamp":"2026-05-29 19:10:06.741","collected_at":"2026-05-29 19:10:07"}
{"symbol":"ETHUSDT","trade_id":4054587023,"price":2015.28,"quantity":0.0026,"is_buyer_maker":true,"timestamp":"2026-05-29 19:10:06.741","collected_at":"2026-05-29 19:10:07"}
{"symbol":"ETHUSDT","trade_id":4054587011,"price":2015.31,"quantity":0.0025,"is_buyer_maker":true,"timestamp":"2026-05-29 19:10:06.741","collected_at":"2026-05-29 19:10:07"}
{"symbol":"ETHUSDT","trade_id":4054587020,"price":2015.29,"quantity":0.0026,"is_buyer_maker":true,"timestamp":"2026-05-29 19:10:06.741","collected_at":"2026-05-29 19:10:07"}
{"symbol":"ETHUSDT","trade_id":4054586990,"price":2015.31,"quantity":0.0026,"is_buyer_maker":true,"timestamp":"2026-05-29 19:10:06.741","collected_at":"2026-05-29 19:10:07"}
{"symbol":"ETHUSDT","trade_id":4054587005,"price":2015.31,"quantity":0.0025,"is_buyer_maker":true,"timestamp":"2026-05-29 19:10:06.741","collected_at":"2026-05-29 19:10:07"}
{"symbol":"ETHUSDT","trade_id":4054586993,"price":2015.31,"quantity":0.0025,"is_buyer_maker":true,"timestamp":"2026-05-29 19:10:06.741","collected_at":"2026-05-29 19:10:07"}
{"symbol":"ETHUSDT","trade_id":4054586987,"price":2015.31,"quantity":0.0026,"is_buyer_maker":true,"timestamp":"2026-05-29 19:10:06.741","collected_at":"2026-05-29 19:10:07"}
{"symbol":"ETHUSDT","trade_id":4054587014,"price":2015.3,"quantity":0.005,"is_buyer_maker":true,"timestamp":"2026-05-29 19:10:06.741","collected_at":"2026-05-29 19:10:07"}
{"symbol":"ETHUSDT","trade_id":4054587002,"price":2015.31,"quantity":0.0025,"is_buyer_maker":true,"timestamp":"2026-05-29 19:10:06.741","collected_at":"2026-05-29 19:10:07"}
{"symbol":"ETHUSDT","trade_id":4054586999,"price":2015.31,"quantity":0.0025,"is_buyer_maker":true,"timestamp":"2026-05-29 19:10:06.741","collected_at":"2026-05-29 19:10:07"}
{"symbol":"ETHUSDT","trade_id":4054586996,"price":2015.31,"quantity":0.0025,"is_buyer_maker":true,"timestamp":"2026-05-29 19:10:06.741","collected_at":"2026-05-29 19:10:07"}
{"symbol":"ETHUSDT","trade_id":4054587032,"price":2015.25,"quantity":0.0025,"is_buyer_maker":true,"timestamp":"2026-05-29 19:10:06.741","collected_at":"2026-05-29 19:10:07"}
{"symbol":"ETHUSDT","trade_id":4054587035,"price":2015.25,"quantity":0.0025,"is_buyer_maker":true,"timestamp":"2026-05-29 19:10:06.741","collected_at":"2026-05-29 19:10:07"}
{"symbol":"ETHUSDT","trade_id":4054587044,"price":2015.25,"quantity":0.0025,"is_buyer_maker":true,"timestamp":"2026-05-29 19:10:06.741","collected_at":"2026-05-29 19:10:07"}
{"symbol":"ETHUSDT","trade_id":4054587047,"price":2015.24,"quantity":0.0027,"is_buyer_maker":true,"timestamp":"2026-05-29 19:10:06.741","collected_at":"2026-05-29 19:10:07"}
{"symbol":"ETHUSDT","trade_id":4054587038,"price":2015.25,"quantity":0.0025,"is_buyer_maker":true,"timestamp":"2026-05-29 19:10:06.741","collected_at":"2026-05-29 19:10:07"}
{"symbol":"ETHUSDT","trade_id":4054587029,"price":2015.27,"quantity":0.0026,"is_buyer_maker":true,"timestamp":"2026-05-29 19:10:06.741","collected_at":"2026-05-29 19:10:07"}
{"symbol":"ETHUSDT","trade_id":4054587041,"price":2015.25,"quantity":0.0025,"is_buyer_maker":true,"timestamp":"2026-05-29 19:10:06.741","collected_at":"2026-05-29 19:10:07"}
{"symbol":"ETHUSDT","trade_id":4054586994,"price":2015.31,"quantity":0.005,"is_buyer_maker":true,"timestamp":"2026-05-29 19:10:06.741","collected_at":"2026-05-29 19:10:07"}
{"symbol":"ETHUSDT","trade_id":4054586991,"price":2015.31,"quantity":0.0026,"is_buyer_maker":true,"timestamp":"2026-05-29 19:10:06.741","collected_at":"2026-05-29 19:10:07"}
{"symbol":"ETHUSDT","trade_id":4054586988,"price":2015.31,"quantity":0.0026,"is_buyer_maker":true,"timestamp":"2026-05-29 19:10:06.741","collected_at":"2026-05-29 19:10:07"}
{"symbol":"ETHUSDT","trade_id":4054587033,"price":2015.25,"quantity":0.0025,"is_buyer_maker":true,"timestamp":"2026-05-29 19:10:06.741","collected_at":"2026-05-29 19:10:07"}
{"symbol":"ETHUSDT","trade_id":4054587036,"price":2015.25,"quantity":0.0791,"is_buyer_maker":true,"timestamp":"2026-05-29 19:10:06.741","collected_at":"2026-05-29 19:10:07"}
{"symbol":"ETHUSDT","trade_id":4054587006,"price":2015.31,"quantity":0.0025,"is_buyer_maker":true,"timestamp":"2026-05-29 19:10:06.741","collected_at":"2026-05-29 19:10:07"}
{"symbol":"ETHUSDT","trade_id":4054587018,"price":2015.3,"quantity":0.0026,"is_buyer_maker":true,"timestamp":"2026-05-29 19:10:06.741","collected_at":"2026-05-29 19:10:07"}
{"symbol":"ETHUSDT","trade_id":4054587021,"price":2015.29,"quantity":0.01,"is_buyer_maker":true,"timestamp":"2026-05-29 19:10:06.741","collected_at":"2026-05-29 19:10:07"}
{"symbol":"ETHUSDT","trade_id":4054587015,"price":2015.3,"quantity":0.0026,"is_buyer_maker":true,"timestamp":"2026-05-29 19:10:06.741","collected_at":"2026-05-29 19:10:07"}
{"symbol":"ETHUSDT","trade_id":4054587027,"price":2015.28,"quantity":0.0025,"is_buyer_maker":true,"timestamp":"2026-05-29 19:10:06.741","collected_at":"2026-05-29 19:10:07"}
{"symbol":"ETHUSDT","trade_id":4054587012,"price":2015.31,"quantity":0.0025,"is_buyer_maker":true,"timestamp":"2026-05-29 19:10:06.741","collected_at":"2026-05-29 19:10:07"}
{"symbol":"ETHUSDT","trade_id":4054586997,"price":2015.31,"quantity":0.0025,"is_buyer_maker":true,"timestamp":"2026-05-29 19:10:06.741","collected_at":"2026-05-29 19:10:07"}
{"symbol":"ETHUSDT","trade_id":4054587003,"price":2015.31,"quantity":0.0025,"is_buyer_maker":true,"timestamp":"2026-05-29 19:10:06.741","collected_at":"2026-05-29 19:10:07"}
{"symbol":"ETHUSDT","trade_id":4054587030,"price":2015.26,"quantity":0.0026,"is_buyer_maker":true,"timestamp":"2026-05-29 19:10:06.741","collected_at":"2026-05-29 19:10:07"}
{"symbol":"ETHUSDT","trade_id":4054587009,"price":2015.31,"quantity":0.0025,"is_buyer_maker":true,"timestamp":"2026-05-29 19:10:06.741","collected_at":"2026-05-29 19:10:07"}
{"symbol":"ETHUSDT","trade_id":4054587024,"price":2015.28,"quantity":0.0026,"is_buyer_maker":true,"timestamp":"2026-05-29 19:10:06.741","collected_at":"2026-05-29 19:10:07"}
{"symbol":"ETHUSDT","trade_id":4054587042,"price":2015.25,"quantity":0.0025,"is_buyer_maker":true,"timestamp":"2026-05-29 19:10:06.741","collected_at":"2026-05-29 19:10:07"}
{"symbol":"ETHUSDT","trade_id":4054587039,"price":2015.25,"quantity":0.0025,"is_buyer_maker":true,"timestamp":"2026-05-29 19:10:06.741","collected_at":"2026-05-29 19:10:07"}
{"symbol":"ETHUSDT","trade_id":4054587000,"price":2015.31,"quantity":0.0026,"is_buyer_maker":true,"timestamp":"2026-05-29 19:10:06.741","collected_at":"2026-05-29 19:10:07"}
{"symbol":"BNBUSDT","trade_id":1504638829,"price":641.53,"quantity":0.007,"is_buyer_maker":true,"timestamp":"2026-05-29 19:10:06.791","collected_at":"2026-05-29 19:10:07"}
{"symbol":"BTCUSDT","trade_id":6334416005,"price":73470.47,"quantity":0.0017,"is_buyer_maker":true,"timestamp":"2026-05-29 19:10:06.811","collected_at":"2026-05-29 19:10:07"}
{"symbol":"BTCUSDT","trade_id":6334416006,"price":73470.47,"quantity":0.00068,"is_buyer_maker":true,"timestamp":"2026-05-29 19:10:07.072","collected_at":"2026-05-29 19:10:08"}
{"symbol":"BTCUSDT","trade_id":6334416007,"price":73470.47,"quantity":0.13508,"is_buyer_maker":true,"timestamp":"2026-05-29 19:10:07.553","collected_at":"2026-05-29 19:10:08"}
{"symbol":"BNBUSDT","trade_id":1504638831,"price":641.53,"quantity":0.006,"is_buyer_maker":true,"timestamp":"2026-05-29 19:10:08.527","collected_at":"2026-05-29 19:10:09"}
{"symbol":"BNBUSDT","trade_id":1504638830,"price":641.53,"quantity":0.001,"is_buyer_maker":true,"timestamp":"2026-05-29 19:10:08.527","collected_at":"2026-05-29 19:10:09"}
{"symbol":"ETHUSDT","trade_id":4054587051,"price":2015.23,"quantity":0.0122,"is_buyer_maker":true,"timestamp":"2026-05-29 19:10:08.594","collected_at":"2026-05-29 19:10:09"}
{"symbol":"ETHUSDT","trade_id":4054587050,"price":2015.23,"quantity":0.0027,"is_buyer_maker":true,"timestamp":"2026-05-29 19:10:08.594","collected_at":"2026-05-29 19:10:09"}
{"symbol":"ETHUSDT","trade_id":4054587052,"price":2015.24,"quantity":0.0074,"is_buyer_maker":true,"timestamp":"2026-05-29 19:10:08.720","collected_at":"2026-05-29 19:10:09"}
{"symbol":"BNBUSDT","trade_id":1504638832,"price":641.52,"quantity":0.033,"is_buyer_maker":true,"timestamp":"2026-05-29 19:10:09.036","collected_at":"2026-05-29 19:10:10"}
{"symbol":"BTCUSDT","trade_id":6334416008,"price":73470.47,"quantity":0.00035,"is_buyer_maker":true,"timestamp":"2026-05-29 19:10:09.052","collected_at":"2026-05-29 19:10:10"}
{"symbol":"ETHUSDT","trade_id":4054587066,"price":2015.23,"quantity":0.0027,"is_buyer_maker":true,"timestamp":"2026-05-29 19:10:09.566","collected_at":"2026-05-29 19:10:10"}
{"symbol":"ETHUSDT","trade_id":4054587072,"price":2015.23,"quantity":0.0025,"is_buyer_maker":true,"timestamp":"2026-05-29 19:10:09.566","collected_at":"2026-05-29 19:10:10"}
{"symbol":"ETHUSDT","trade_id":4054587078,"price":2015.22,"quantity":0.1488,"is_buyer_maker":true,"timestamp":"2026-05-29 19:10:09.566","collected_at":"2026-05-29 19:10:10"}
{"symbol":"ETHUSDT","trade_id":4054587081,"price":2015.22,"quantity":0.0026,"is_buyer_maker":true,"timestamp":"2026-05-29 19:10:09.566","collected_at":"2026-05-29 19:10:10"}
{"symbol":"ETHUSDT","trade_id":4054587093,"price":2015.21,"quantity":0.0025,"is_buyer_maker":true,"timestamp":"2026-05-29 19:10:09.566","collected_at":"2026-05-29 19:10:10"}
{"symbol":"ETHUSDT","trade_id":4054587069,"price":2015.23,"quantity":0.0026,"is_buyer_maker":true,"timestamp":"2026-05-29 19:10:09.566","collected_at":"2026-05-29 19:10:10"}
{"symbol":"ETHUSDT","trade_id":4054587075,"price":2015.22,"quantity":0.0025,"is_buyer_maker":true,"timestamp":"2026-05-29 19:10:09.566","collected_at":"2026-05-29 19:10:10"}
{"symbol":"ETHUSDT","trade_id":4054587090,"price":2015.21,"quantity":0.0026,"is_buyer_maker":true,"timestamp":"2026-05-29 19:10:09.566","collected_at":"2026-05-29 19:10:10"}
{"symbol":"ETHUSDT","trade_id":4054587060,"price":2015.23,"quantity":0.0025,"is_buyer_maker":true,"timestamp":"2026-05-29 19:10:09.566","collected_at":"2026-05-29 19:10:10"}
{"symbol":"ETHUSDT","trade_id":4054587063,"price":2015.23,"quantity":0.0026,"is_buyer_maker":true,"timestamp":"2026-05-29 19:10:09.566","collected_at":"2026-05-29 19:10:10"}
{"symbol":"ETHUSDT","trade_id":4054587084,"price":2015.22,"quantity":0.0025,"is_buyer_maker":true,"timestamp":"2026-05-29 19:10:09.566","collected_at":"2026-05-29 19:10:10"}
{"symbol":"ETHUSDT","trade_id":4054587054,"price":2015.23,"quantity":0.0027,"is_buyer_maker":true,"timestamp":"2026-05-29 19:10:09.566","collected_at":"2026-05-29 19:10:10"}
{"symbol":"ETHUSDT","trade_id":4054587087,"price":2015.22,"quantity":0.0025,"is_buyer_maker":true,"timestamp":"2026-05-29 19:10:09.566","collected_at":"2026-05-29 19:10:10"}
{"symbol":"ETHUSDT","trade_id":4054587057,"price":2015.23,"quantity":0.0026,"is_buyer_maker":true,"timestamp":"2026-05-29 19:10:09.566","collected_at":"2026-05-29 19:10:10"}
{"symbol":"ETHUSDT","trade_id":4054587117,"price":2015.17,"quantity":0.0025,"is_buyer_maker":true,"timestamp":"2026-05-29 19:10:09.566","collected_at":"2026-05-29 19:10:10"}
{"symbol":"ETHUSDT","trade_id":4054587105,"price":2015.19,"quantity":0.0025,"is_buyer_maker":true,"timestamp":"2026-05-29 19:10:09.566","collected_at":"2026-05-29 19:10:10"}
{"symbol":"ETHUSDT","trade_id":4054587129,"price":2015.15,"quantity":0.0025,"is_buyer_maker":true,"timestamp":"2026-05-29 19:10:09.566","collected_at":"2026-05-29 19:10:10"}
{"symbol":"ETHUSDT","trade_id":4054587096,"price":2015.21,"quantity":0.0025,"is_buyer_maker":true,"timestamp":"2026-05-29 19:10:09.566","collected_at":"2026-05-29 19:10:10"}
{"symbol":"ETHUSDT","trade_id":4054587138,"price":2015.15,"quantity":0.0025,"is_buyer_maker":true,"timestamp":"2026-05-29 19:10:09.566","collected_at":"2026-05-29 19:10:10"}
{"symbol":"ETHUSDT","trade_id":4054587132,"price":2015.15,"quantity":0.02,"is_buyer_maker":true,"timestamp":"2026-05-29 19:10:09.566","collected_at":"2026-05-29 19:10:10"}
{"symbol":"ETHUSDT","trade_id":4054587141,"price":2015.15,"quantity":0.0025,"is_buyer_maker":true,"timestamp":"2026-05-29 19:10:09.566","collected_at":"2026-05-29 19:10:10"}
{"symbol":"ETHUSDT","trade_id":4054587102,"price":2015.2,"quantity":0.0025,"is_buyer_maker":true,"timestamp":"2026-05-29 19:10:09.566","collected_at":"2026-05-29 19:10:10"}
{"symbol":"ETHUSDT","trade_id":4054587135,"price":2015.15,"quantity":0.0025,"is_buyer_maker":true,"timestamp":"2026-05-29 19:10:09.566","collected_at":"2026-05-29 19:10:10"}
{"symbol":"ETHUSDT","trade_id":4054587111,"price":2015.19,"quantity":0.0025,"is_buyer_maker":true,"timestamp":"2026-05-29 19:10:09.566","collected_at":"2026-05-29 19:10:10"}
{"symbol":"ETHUSDT","trade_id":4054587123,"price":2015.16,"quantity":0.0025,"is_buyer_maker":true,"timestamp":"2026-05-29 19:10:09.566","collected_at":"2026-05-29 19:10:10"}
{"symbol":"ETHUSDT","trade_id":4054587108,"price":2015.19,"quantity":0.0025,"is_buyer_maker":true,"timestamp":"2026-05-29 19:10:09.566","collected_at":"2026-05-29 19:10:10"}
{"symbol":"ETHUSDT","trade_id":4054587099,"price":2015.2,"quantity":0.0026,"is_buyer_maker":true,"timestamp":"2026-05-29 19:10:09.566","collected_at":"2026-05-29 19:10:10"}
{"symbol":"ETHUSDT","trade_id":4054587126,"price":2015.16,"quantity":0.0025,"is_buyer_maker":true,"timestamp":"2026-05-29 19:10:09.566","collected_at":"2026-05-29 19:10:10"}
{"symbol":"ETHUSDT","trade_id":4054587114,"price":2015.17,"quantity":0.0026,"is_buyer_maker":true,"timestamp":"2026-05-29 19:10:09.566","collected_at":"2026-05-29 19:10:10"}
{"symbol":"ETHUSDT","trade_id":4054587120,"price":2015.16,"quantity":0.0026,"is_buyer_maker":true,"timestamp":"2026-05-29 19:10:09.566","collected_at":"2026-05-29 19:10:10"}
{"symbol":"ETHUSDT","trade_id":4054587058,"price":2015.23,"quantity":0.0025,"is_buyer_maker":true,"timestamp":"2026-05-29 19:10:09.566","collected_at":"2026-05-29 19:10:10"}
{"symbol":"ETHUSDT","trade_id":4054587144,"price":2015.15,"quantity":0.0025,"is_buyer_maker":true,"timestamp":"2026-05-29 19:10:09.566","collected_at":"2026-05-29 19:10:10"}
{"symbol":"ETHUSDT","trade_id":4054587055,"price":2015.23,"quantity":0.0026,"is_buyer_maker":true,"timestamp":"2026-05-29 19:10:09.566","collected_at":"2026-05-29 19:10:10"}
{"symbol":"ETHUSDT","trade_id":4054587100,"price":2015.2,"quantity":0.0026,"is_buyer_maker":true,"timestamp":"2026-05-29 19:10:09.566","collected_at":"2026-05-29 19:10:10"}
{"symbol":"ETHUSDT","trade_id":4054587097,"price":2015.2,"quantity":0.0025,"is_buyer_maker":true,"timestamp":"2026-05-29 19:10:09.566","collected_at":"2026-05-29 19:10:10"}
{"symbol":"ETHUSDT","trade_id":4054587070,"price":2015.23,"quantity":0.0027,"is_buyer_maker":true,"timestamp":"2026-05-29 19:10:09.566","collected_at":"2026-05-29 19:10:10"}
{"symbol":"ETHUSDT","trade_id":4054587094,"price":2015.21,"quantity":0.0025,"is_buyer_maker":true,"timestamp":"2026-05-29 19:10:09.566","collected_at":"2026-05-29 19:10:10"}
{"symbol":"ETHUSDT","trade_id":4054587067,"price":2015.23,"quantity":0.0026,"is_buyer_maker":true,"timestamp":"2026-05-29 19:10:09.566","collected_at":"2026-05-29 19:10:10"}
{"symbol":"ETHUSDT","trade_id":4054587103,"price":2015.2,"quantity":0.0025,"is_buyer_maker":true,"timestamp":"2026-05-29 19:10:09.566","collected_at":"2026-05-29 19:10:10"}
{"symbol":"ETHUSDT","trade_id":4054587109,"price":2015.19,"quantity":0.0025,"is_buyer_maker":true,"timestamp":"2026-05-29 19:10:09.566","collected_at":"2026-05-29 19:10:10"}
{"symbol":"ETHUSDT","trade_id":4054587079,"price":2015.22,"quantity":0.0026,"is_buyer_maker":true,"timestamp":"2026-05-29 19:10:09.566","collected_at":"2026-05-29 19:10:10"}
{"symbol":"ETHUSDT","trade_id":4054587091,"price":2015.21,"quantity":0.005,"is_buyer_maker":true,"timestamp":"2026-05-29 19:10:09.566","collected_at":"2026-05-29 19:10:10"}
{"symbol":"ETHUSDT","trade_id":4054587073,"price":2015.23,"quantity":0.0025,"is_buyer_maker":true,"timestamp":"2026-05-29 19:10:09.566","collected_at":"2026-05-29 19:10:10"}
{"symbol":"ETHUSDT","trade_id":4054587082,"price":2015.22,"quantity":0.0026,"is_buyer_maker":true,"timestamp":"2026-05-29 19:10:09.566","collected_at":"2026-05-29 19:10:10"}
{"symbol":"ETHUSDT","trade_id":4054587076,"price":2015.22,"quantity":0.0026,"is_buyer_maker":true,"timestamp":"2026-05-29 19:10:09.566","collected_at":"2026-05-29 19:10:10"}
{"symbol":"ETHUSDT","trade_id":4054587085,"price":2015.22,"quantity":0.0025,"is_buyer_maker":true,"timestamp":"2026-05-29 19:10:09.566","collected_at":"2026-05-29 19:10:10"}
{"symbol":"ETHUSDT","trade_id":4054587064,"price":2015.23,"quantity":0.0026,"is_buyer_maker":true,"timestamp":"2026-05-29 19:10:09.566","collected_at":"2026-05-29 19:10:10"}
{"symbol":"ETHUSDT","trade_id":4054587088,"price":2015.21,"quantity":0.0025,"is_buyer_maker":true,"timestamp":"2026-05-29 19:10:09.566","collected_at":"2026-05-29 19:10:10"}
{"symbol":"ETHUSDT","trade_id":4054587061,"price":2015.23,"quantity":0.005,"is_buyer_maker":true,"timestamp":"2026-05-29 19:10:09.566","collected_at":"2026-05-29 19:10:10"}
{"symbol":"ETHUSDT","trade_id":4054587106,"price":2015.19,"quantity":0.01,"is_buyer_maker":true,"timestamp":"2026-05-29 19:10:09.566","collected_at":"2026-05-29 19:10:10"}
{"symbol":"ETHUSDT","trade_id":4054587142,"price":2015.15,"quantity":0.0025,"is_buyer_maker":true,"timestamp":"2026-05-29 19:10:09.566","collected_at":"2026-05-29 19:10:10"}
