{"symbol":"BTCUSDT","trade_id":6334415879,"price":"73471.25000000","quantity":"0.00006000","is_buyer_maker":true,"timestamp":1780081787834,"collected_at":"2026-05-29T19:09:48Z"}
{"symbol":"BTCUSDT","trade_id":6334415880,"price":"73471.25000000","quantity":"0.00007000","is_buyer_maker":true,"timestamp":1780081787834,"collected_at":"2026-05-29T19:09:48Z"}
{"symbol":"BTCUSDT","trade_id":6334415881,"price":"73471.25000000","quantity":"0.00007000","is_buyer_maker":true,"timestamp":1780081787834,"collected_at":"2026-05-29T19:09:48Z"}
{"symbol":"BTCUSDT","trade_id":6334415882,"price":"73471.25000000","quantity":"0.00007000","is_buyer_maker":true,"timestamp":1780081787834,"collected_at":"2026-05-29T19:09:48Z"}
{"symbol":"BTCUSDT","trade_id":6334415883,"price":"73471.25000000","quantity":"0.00007000","is_buyer_maker":true,"timestamp":1780081787834,"collected_at":"2026-05-29T19:09:48Z"}
{"symbol":"BTCUSDT","trade_id":6334415884,"price":"73471.25000000","quantity":"0.00007000","is_buyer_maker":true,"timestamp":1780081787834,"collected_at":"2026-05-29T19:09:48Z"}
{"symbol":"BTCUSDT","trade_id":6334415885,"price":"73471.25000000","quantity":"0.00007000","is_buyer_maker":true,"timestamp":1780081787834,"collected_at":"2026-05-29T19:09:48Z"}
{"symbol":"BTCUSDT","trade_id":6334415886,"price":"73471.25000000","quantity":"0.00008000","is_buyer_maker":true,"timestamp":1780081787834,"collected_at":"2026-05-29T19:09:48Z"}
{"symbol":"BTCUSDT","trade_id":6334415887,"price":"73471.25000000","quantity":"0.00014000","is_buyer_maker":true,"timestamp":1780081787834,"collected_at":"2026-05-29T19:09:48Z"}
{"symbol":"BTCUSDT","trade_id":6334415888,"price":"73471.25000000","quantity":"0.00007000","is_buyer_maker":true,"timestamp":1780081787834,"collected_at":"2026-05-29T19:09:48Z"}
{"symbol":"BTCUSDT","trade_id":6334415889,"price":"73471.25000000","quantity":"0.00007000","is_buyer_maker":true,"timestamp":1780081787834,"collected_at":"2026-05-29T19:09:48Z"}
{"symbol":"BTCUSDT","trade_id":6334415890,"price":"73471.25000000","quantity":"0.00007000","is_buyer_maker":true,"timestamp":1780081787834,"collected_at":"2026-05-29T19:09:48Z"}
{"symbol":"BTCUSDT","trade_id":6334415891,"price":"73471.25000000","quantity":"0.00007000","is_buyer_maker":true,"timestamp":1780081787834,"collected_at":"2026-05-29T19:09:48Z"}
{"symbol":"BTCUSDT","trade_id":6334415892,"price":"73471.25000000","quantity":"0.00007000","is_buyer_maker":true,"timestamp":1780081787834,"collected_at":"2026-05-29T19:09:48Z"}
{"symbol":"BTCUSDT","trade_id":6334415893,"price":"73471.24000000","quantity":"0.00007000","is_buyer_maker":true,"timestamp":1780081787834,"collected_at":"2026-05-29T19:09:48Z"}
{"symbol":"BTCUSDT","trade_id":6334415894,"price":"73471.24000000","quantity":"0.00007000","is_buyer_maker":true,"timestamp":1780081787834,"collected_at":"2026-05-29T19:09:48Z"}
{"symbol":"BTCUSDT","trade_id":6334415895,"price":"73471.24000000","quantity":"0.00008000","is_buyer_maker":true,"timestamp":1780081787834,"collected_at":"2026-05-29T19:09:48Z"}
{"symbol":"BTCUSDT","trade_id":6334415896,"price":"73471.24000000","quantity":"0.00007000","is_buyer_maker":true,"timestamp":1780081787834,"collected_at":"2026-05-29T19:09:48Z"}
{"symbol":"BTCUSDT","trade_id":6334415897,"price":"73471.24000000","quantity":"0.00008000","is_buyer_maker":true,"timestamp":1780081787834,"collected_at":"2026-05-29T19:09:48Z"}
{"symbol":"BTCUSDT","trade_id":6334415898,"price":"73471.24000000","quantity":"0.00007000","is_buyer_maker":true,"timestamp":1780081787834,"collected_at":"2026-05-29T19:09:48Z"}
{"symbol":"BTCUSDT","trade_id":6334415899,"price":"73471.24000000","quantity":"0.00007000","is_buyer_maker":true,"timestamp":1780081787834,"collected_at":"2026-05-29T19:09:48Z"}
{"symbol":"BTCUSDT","trade_id":6334415900,"price":"73471.24000000","quantity":"0.00007000","is_buyer_maker":true,"timestamp":1780081787834,"collected_at":"2026-05-29T19:09:48Z"}
{"symbol":"BTCUSDT","trade_id":6334415901,"price":"73471.24000000","quantity":"0.00014000","is_buyer_maker":true,"timestamp":1780081787834,"collected_at":"2026-05-29T19:09:48Z"}
{"symbol":"BTCUSDT","trade_id":6334415902,"price":"73471.23000000","quantity":"0.00014000","is_buyer_maker":true,"timestamp":1780081787834,"collected_at":"2026-05-29T19:09:48Z"}
{"symbol":"BTCUSDT","trade_id":6334415903,"price":"73471.20000000","quantity":"0.00008000","is_buyer_maker":true,"timestamp":1780081787834,"collected_at":"2026-05-29T19:09:48Z"}
{"symbol":"BTCUSDT","trade_id":6334415904,"price":"73471.09000000","quantity":"0.00007000","is_buyer_maker":true,"timestamp":1780081787834,"collected_at":"2026-05-29T19:09:48Z"}
{"symbol":"BTCUSDT","trade_id":6334415905,"price":"73470.52000000","quantity":"0.00547000","is_buyer_maker":true,"timestamp":1780081787834,"collected_at":"2026-05-29T19:09:48Z"}
{"symbol":"BTCUSDT","trade_id":6334415906,"price":"73470.52000000","quantity":"0.00008000","is_buyer_maker":true,"timestamp":1780081787834,"collected_at":"2026-05-29T19:09:48Z"}
{"symbol":"BTCUSDT","trade_id":6334415907,"price":"73470.52000000","quantity":"0.00008000","is_buyer_maker":true,"timestamp":1780081787834,"collected_at":"2026-05-29T19:09:48Z"}
{"symbol":"BTCUSDT","trade_id":6334415908,"price":"73470.47000000","quantity":"0.00008000","is_buyer_maker":true,"timestamp":1780081787834,"collected_at":"2026-05-29T19:09:48Z"}
{"symbol":"BTCUSDT","trade_id":6334415909,"price":"73470.47000000","quantity":"0.00008000","is_buyer_maker":true,"timestamp":1780081787834,"collected_at":"2026-05-29T19:09:48Z"}
{"symbol":"BTCUSDT","trade_id":6334415910,"price":"73470.47000000","quantity":"0.00008000","is_buyer_maker":true,"timestamp":1780081787834,"collected_at":"2026-05-29T19:09:48Z"}
{"symbol":"BTCUSDT","trade_id":6334415911,"price":"73470.47000000","quantity":"0.00008000","is_buyer_maker":true,"timestamp":1780081787834,"collected_at":"2026-05-29T19:09:48Z"}
{"symbol":"BTCUSDT","trade_id":6334415912,"price":"73470.46000000","quantity":"0.00199000","is_buyer_maker":true,"timestamp":1780081787834,"collected_at":"2026-05-29T19:09:48Z"}
{"symbol":"BTCUSDT","trade_id":6334415913,"price":"73470.46000000","quantity":"0.02000000","is_buyer_maker":true,"timestamp":1780081787835,"collected_at":"2026-05-29T19:09:48Z"}
{"symbol":"BNBUSDT","trade_id":1504638796,"price":"641.53000000","quantity":"0.00700000","is_buyer_maker":true,"timestamp":1780081788892,"collected_at":"2026-05-29T19:09:50Z"}
{"symbol":"ETHUSDT","trade_id":4054586697,"price":"2015.02000000","quantity":"0.14880000","is_buyer_maker":true,"timestamp":1780081789091,"collected_at":"2026-05-29T19:09:50Z"}
{"symbol":"BNBUSDT","trade_id":1504638797,"price":"641.52000000","quantity":"1.22500000","is_buyer_maker":true,"timestamp":1780081789589,"collected_at":"2026-05-29T19:09:50Z"}
{"symbol":"ETHUSDT","trade_id":4054586698,"price":"2015.02000000","quantity":"0.22800000","is_buyer_maker":true,"timestamp":1780081789881,"collected_at":"2026-05-29T19:09:50Z"}
{"symbol":"BTCUSDT","trade_id":6334415914,"price":"73470.47000000","quantity":"0.00131000","is_buyer_maker":true,"timestamp":1780081790044,"collected_at":"2026-05-29T19:09:51Z"}
{"symbol":"ETHUSDT","trade_id":4054586699,"price":"2015.02000000","quantity":"0.00250000","is_buyer_maker":true,"timestamp":1780081790208,"collected_at":"2026-05-29T19:09:51Z"}
{"symbol":"ETHUSDT","trade_id":4054586700,"price":"2015.02000000","quantity":"0.09750000","is_buyer_maker":true,"timestamp":1780081790208,"collected_at":"2026-05-29T19:09:51Z"}
{"symbol":"ETHUSDT","trade_id":4054586701,"price":"2015.02000000","quantity":"0.30490000","is_buyer_maker":true,"timestamp":1780081790210,"collected_at":"2026-05-29T19:09:51Z"}
{"symbol":"ETHUSDT","trade_id":4054586702,"price":"2015.02000000","quantity":"0.40240000","is_buyer_maker":true,"timestamp":1780081790210,"collected_at":"2026-05-29T19:09:51Z"}
{"symbol":"ETHUSDT","trade_id":4054586703,"price":"2015.02000000","quantity":"0.00260000","is_buyer_maker":true,"timestamp":1780081790210,"collected_at":"2026-05-29T19:09:51Z"}
{"symbol":"ETHUSDT","trade_id":4054586704,"price":"2015.02000000","quantity":"0.40240000","is_buyer_maker":true,"timestamp":1780081790210,"collected_at":"2026-05-29T19:09:51Z"}
{"symbol":"ETHUSDT","trade_id":4054586705,"price":"2015.02000000","quantity":"0.00250000","is_buyer_maker":true,"timestamp":1780081790210,"collected_at":"2026-05-29T19:09:51Z"}
{"symbol":"ETHUSDT","trade_id":4054586706,"price":"2015.02000000","quantity":"0.00250000","is_buyer_maker":true,"timestamp":1780081790210,"collected_at":"2026-05-29T19:09:51Z"}
{"symbol":"ETHUSDT","trade_id":4054586707,"price":"2015.02000000","quantity":"0.00250000","is_buyer_maker":true,"timestamp":1780081790210,"collected_at":"2026-05-29T19:09:51Z"}
{"symbol":"ETHUSDT","trade_id":4054586708,"price":"2015.02000000","quantity":"0.00500000","is_buyer_maker":true,"timestamp":1780081790210,"collected_at":"2026-05-29T19:09:51Z"}
{"symbol":"ETHUSDT","trade_id":4054586709,"price":"2015.02000000","quantity":"0.00250000","is_buyer_maker":true,"timestamp":1780081790210,"collected_at":"2026-05-29T19:09:51Z"}
{"symbol":"ETHUSDT","trade_id":4054586710,"price":"2015.02000000","quantity":"0.20890000","is_buyer_maker":true,"timestamp":1780081790210,"collected_at":"2026-05-29T19:09:51Z"}
{"symbol":"ETHUSDT","trade_id":4054586711,"price":"2015.02000000","quantity":"0.00520000","is_buyer_maker":true,"timestamp":1780081790210,"collected_at":"2026-05-29T19:09:51Z"}
{"symbol":"ETHUSDT","trade_id":4054586712,"price":"2015.02000000","quantity":"0.14800000","is_buyer_maker":true,"timestamp":1780081790210,"collected_at":"2026-05-29T19:09:51Z"}
{"symbol":"ETHUSDT","trade_id":4054586713,"price":"2015.02000000","quantity":"9.75580000","is_buyer_maker":true,"timestamp":1780081790210,"collected_at":"2026-05-29T19:09:51Z"}
{"symbol":"ETHUSDT","trade_id":4054586714,"price":"2015.02000000","quantity":"0.00250000","is_buyer_maker":true,"timestamp":1780081790210,"collected_at":"2026-05-29T19:09:51Z"}
{"symbol":"ETHUSDT","trade_id":4054586715,"price":"2015.02000000","quantity":"0.38350000","is_buyer_maker":true,"timestamp":1780081790210,"collected_at":"2026-05-29T19:09:51Z"}
{"symbol":"BTCUSDT","trade_id":6334415915,"price":"73470.47000000","quantity":"0.00150000","is_buyer_maker":true,"timestamp":1780081790299,"collected_at":"2026-05-29T19:09:51Z"}
{"symbol":"BTCUSDT","trade_id":6334415916,"price":"73470.47000000","quantity":"0.00008000","is_buyer_maker":true,"timestamp":1780081790299,"collected_at":"2026-05-29T19:09:51Z"}
{"symbol":"BTCUSDT","trade_id":6334415917,"price":"73470.47000000","quantity":"0.00007000","is_buyer_maker":true,"timestamp":1780081790299,"collected_at":"2026-05-29T19:09:51Z"}
{"symbol":"BTCUSDT","trade_id":6334415918,"price":"73470.47000000","quantity":"0.00007000","is_buyer_maker":true,"timestamp":1780081790299,"collected_at":"2026-05-29T19:09:51Z"}
{"symbol":"BTCUSDT","trade_id":6334415919,"price":"73470.47000000","quantity":"0.00491000","is_buyer_maker":true,"timestamp":1780081790299,"collected_at":"2026-05-29T19:09:51Z"}
{"symbol":"BTCUSDT","trade_id":6334415920,"price":"73470.47000000","quantity":"0.00200000","is_buyer_maker":true,"timestamp":1780081790313,"collected_at":"2026-05-29T19:09:51Z"}
{"symbol":"BTCUSDT","trade_id":6334415921,"price":"73470.47000000","quantity":"0.00200000","is_buyer_maker":true,"timestamp":1780081790313,"collected_at":"2026-05-29T19:09:51Z"}
{"symbol":"BTCUSDT","trade_id":6334415922,"price":"73470.47000000","quantity":"0.00200000","is_buyer_maker":true,"timestamp":1780081790313,"collected_at":"2026-05-29T19:09:51Z"}
{"symbol":"BTCUSDT","trade_id":6334415923,"price":"73470.47000000","quantity":"0.00200000","is_buyer_maker":true,"timestamp":1780081790313,"collected_at":"2026-05-29T19:09:51Z"}
{"symbol":"BNBUSDT","trade_id":1504638798,"price":"641.52000000","quantity":"0.01600000","is_buyer_maker":true,"timestamp":1780081790435,"collected_at":"2026-05-29T19:09:51Z"}
{"symbol":"ETHUSDT","trade_id":4054586716,"price":"2015.02000000","quantity":"0.08150000","is_buyer_maker":true,"timestamp":1780081790213,"collected_at":"2026-05-29T19:09:51Z"}
{"symbol":"ETHUSDT","trade_id":4054586717,"price":"2015.02000000","quantity":"0.00260000","is_buyer_maker":true,"timestamp":1780081790213,"collected_at":"2026-05-29T19:09:51Z"}
{"symbol":"ETHUSDT","trade_id":4054586718,"price":"2015.02000000","quantity":"0.00260000","is_buyer_maker":true,"timestamp":1780081790213,"collected_at":"2026-05-29T19:09:51Z"}
{"symbol":"ETHUSDT","trade_id":4054586719,"price":"2015.02000000","quantity":"0.00260000","is_buyer_maker":true,"timestamp":1780081790213,"collected_at":"2026-05-29T19:09:51Z"}
{"symbol":"ETHUSDT","trade_id":4054586720,"price":"2015.02000000","quantity":"0.00260000","is_buyer_maker":true,"timestamp":1780081790213,"collected_at":"2026-05-29T19:09:51Z"}
{"symbol":"ETHUSDT","trade_id":4054586721,"price":"2015.02000000","quantity":"0.00260000","is_buyer_maker":true,"timestamp":1780081790213,"collected_at":"2026-05-29T19:09:51Z"}
{"symbol":"ETHUSDT","trade_id":4054586722,"price":"2015.02000000","quantity":"0.00250000","is_buyer_maker":true,"timestamp":1780081790213,"collected_at":"2026-05-29T19:09:51Z"}
{"symbol":"ETHUSDT","trade_id":4054586723,"price":"2015.02000000","quantity":"0.00500000","is_buyer_maker":true,"timestamp":1780081790213,"collected_at":"2026-05-29T19:09:51Z"}
{"symbol":"ETHUSDT","trade_id":4054586724,"price":"2015.02000000","quantity":"0.00250000","is_buyer_maker":true,"timestamp":1780081790213,"collected_at":"2026-05-29T19:09:51Z"}
{"symbol":"ETHUSDT","trade_id":4054586725,"price":"2015.02000000","quantity":"0.00250000","is_buyer_maker":true,"timestamp":1780081790213,"collected_at":"2026-05-29T19:09:51Z"}
{"symbol":"ETHUSDT","trade_id":4054586726,"price":"2015.02000000","quantity":"0.00250000","is_buyer_maker":true,"timestamp":1780081790213,"collected_at":"2026-05-29T19:09:51Z"}
{"symbol":"ETHUSDT","trade_id":4054586727,"price":"2015.02000000","quantity":"0.00250000","is_buyer_maker":true,"timestamp":1780081790213,"collected_at":"2026-05-29T19:09:51Z"}
{"symbol":"ETHUSDT","trade_id":4054586728,"price":"2015.03000000","quantity":"0.00250000","is_buyer_maker":true,"timestamp":1780081790213,"collected_at":"2026-05-29T19:09:51Z"}
{"symbol":"ETHUSDT","trade_id":4054586729,"price":"2015.03000000","quantity":"0.00500000","is_buyer_maker":true,"timestamp":1780081790213,"collected_at":"2026-05-29T19:09:51Z"}
{"symbol":"ETHUSDT","trade_id":4054586730,"price":"2015.03000000","quantity":"0.00260000","is_buyer_maker":true,"timestamp":1780081790213,"collected_at":"2026-05-29T19:09:51Z"}
{"symbol":"ETHUSDT","trade_id":4054586731,"price":"2015.03000000","quantity":"0.00250000","is_buyer_maker":true,"timestamp":1780081790213,"collected_at":"2026-05-29T19:09:51Z"}
{"symbol":"ETHUSDT","trade_id":4054586732,"price":"2015.03000000","quantity":"0.00260000","is_buyer_maker":true,"timestamp":1780081790213,"collected_at":"2026-05-29T19:09:51Z"}
{"symbol":"ETHUSDT","trade_id":4054586733,"price":"2015.03000000","quantity":"0.00260000","is_buyer_maker":true,"timestamp":1780081790213,"collected_at":"2026-05-29T19:09:51Z"}
{"symbol":"ETHUSDT","trade_id":4054586734,"price":"2015.03000000","quantity":"0.00260000","is_buyer_maker":true,"timestamp":1780081790213,"collected_at":"2026-05-29T19:09:51Z"}
{"symbol":"ETHUSDT","trade_id":4054586735,"price":"2015.03000000","quantity":"0.00250000","is_buyer_maker":true,"timestamp":1780081790213,"collected_at":"2026-05-29T19:09:51Z"}
{"symbol":"ETHUSDT","trade_id":4054586736,"price":"2015.03000000","quantity":"0.00250000","is_buyer_maker":true,"timestamp":1780081790213,"collected_at":"2026-05-29T19:09:51Z"}
{"symbol":"ETHUSDT","trade_id":4054586737,"price":"2015.03000000","quantity":"0.00250000","is_buyer_maker":true,"timestamp":1780081790213,"collected_at":"2026-05-29T19:09:51Z"}
{"symbol":"ETHUSDT","trade_id":4054586738,"price":"2015.03000000","quantity":"0.00250000","is_buyer_maker":true,"timestamp":1780081790213,"collected_at":"2026-05-29T19:09:51Z"}
{"symbol":"ETHUSDT","trade_id":4054586739,"price":"2015.03000000","quantity":"0.00250000","is_buyer_maker":true,"timestamp":1780081790213,"collected_at":"2026-05-29T19:09:51Z"}
{"symbol":"ETHUSDT","trade_id":4054586740,"price":"2015.04000000","quantity":"0.00500000","is_buyer_maker":true,"timestamp":1780081790213,"collected_at":"2026-05-29T19:09:51Z"}
{"symbol":"ETHUSDT","trade_id":4054586741,"price":"2015.04000000","quantity":"0.00260000","is_buyer_maker":true,"timestamp":1780081790213,"collected_at":"2026-05-29T19:09:51Z"}
{"symbol":"ETHUSDT","trade_id":4054586742,"price":"2015.05000000","quantity":"0.00260000","is_buyer_maker":true,"timestamp":1780081790213,"collected_at":"2026-05-29T19:09:51Z"}
{"symbol":"ETHUSDT","trade_id":4054586743,"price":"2015.05000000","quantity":"0.00250000","is_buyer_maker":true,"timestamp":1780081790213,"collected_at":"2026-05-29T19:09:51Z"}
{"symbol":"ETHUSDT","trade_id":4054586744,"price":"2015.05000000","quantity":"0.00270000","is_buyer_maker":true,"timestamp":1780081790213,"collected_at":"2026-05-29T19:09:51Z"}
{"symbol":"ETHUSDT","trade_id":4054586745,"price":"2015.05000000","quantity":"0.00270000","is_buyer_maker":true,"timestamp":1780081790213,"collected_at":"2026-05-29T19:09:51Z"}
{"symbol":"ETHUSDT","trade_id":4054586746,"price":"2015.05000000","quantity":"0.00260000","is_buyer_maker":true,"timestamp":1780081790213,"collected_at":"2026-05-29T19:09:51Z"}
{"symbol":"ETHUSDT","trade_id":4054586747,"price":"2015.05000000","quantity":"0.00250000","is_buyer_maker":true,"timestamp":1780081790213,"collected_at":"2026-05-29T19:09:51Z"}
{"symbol":"ETHUSDT","trade_id":4054586748,"price":"2015.05000000","quantity":"0.00270000","is_buyer_maker":true,"timestamp":1780081790213,"collected_at":"2026-05-29T19:09:51Z"}
{"symbol":"ETHUSDT","trade_id":4054586749,"price":"2015.05000000","quantity":"0.00250000","is_buyer_maker":true,"timestamp":1780081790213,"collected_at":"2026-05-29T19:09:51Z"}
{"symbol":"ETHUSDT","trade_id":4054586750,"price":"2015.05000000","quantity":"0.00250000","is_buyer_maker":true,"timestamp":1780081790213,"collected_at":"2026-05-29T19:09:51Z"}
{"symbol":"ETHUSDT","trade_id":4054586751,"price":"2015.05000000","quantity":"0.00250000","is_buyer_maker":true,"timestamp":1780081790213,"collected_at":"2026-05-29T19:09:51Z"}
{"symbol":"ETHUSDT","trade_id":4054586752,"price":"2015.06000000","quantity":"0.14460000","is_buyer_maker":true,"timestamp":1780081790213,"collected_at":"2026-05-29T19:09:51Z"}
{"symbol":"ETHUSDT","trade_id":4054586753,"price":"2015.06000000","quantity":"0.00250000","is_buyer_maker":true,"timestamp":1780081790213,"collected_at":"2026-05-29T19:09:51Z"}
{"symbol":"ETHUSDT","trade_id":4054586754,"price":"2015.06000000","quantity":"0.00260000","is_buyer_maker":true,"timestamp":1780081790213,"collected_at":"2026-05-29T19:09:51Z"}
{"symbol":"ETHUSDT","trade_id":4054586755,"price":"2015.06000000","quantity":"0.00250000","is_buyer_maker":true,"timestamp":1780081790213,"collected_at":"2026-05-29T19:09:51Z"}
{"symbol":"ETHUSDT","trade_id":4054586756,"price":"2015.06000000","quantity":"0.00250000","is_buyer_maker":true,"timestamp":1780081790213,"collected_at":"2026-05-29T19:09:51Z"}
{"symbol":"ETHUSDT","trade_id":4054586757,"price":"2015.06000000","quantity":"0.00250000","is_buyer_maker":true,"timestamp":1780081790213,"collected_at":"2026-05-29T19:09:51Z"}
{"symbol":"ETHUSDT","trade_id":4054586758,"price":"2015.06000000","quantity":"0.00250000","is_buyer_maker":true,"timestamp":1780081790213,"collected_at":"2026-05-29T19:09:51Z"}
{"symbol":"ETHUSDT","trade_id":4054586759,"price":"2015.07000000","quantity":"0.00260000","is_buyer_maker":true,"timestamp":1780081790213,"collected_at":"2026-05-29T19:09:51Z"}
{"symbol":"ETHUSDT","trade_id":4054586760,"price":"2015.07000000","quantity":"0.00260000","is_buyer_maker":true,"timestamp":1780081790213,"collected_at":"2026-05-29T19:09:51Z"}
{"symbol":"ETHUSDT","trade_id":4054586761,"price":"2015.08000000","quantity":"0.00250000","is_buyer_maker":true,"timestamp":1780081790213,"collected_at":"2026-05-29T19:09:51Z"}
{"symbol":"ETHUSDT","trade_id":4054586762,"price":"2015.08000000","quantity":"0.00260000","is_buyer_maker":true,"timestamp":1780081790213,"collected_at":"2026-05-29T19:09:51Z"}
{"symbol":"ETHUSDT","trade_id":4054586763,"price":"2015.08000000","quantity":"0.00270000","is_buyer_maker":true,"timestamp":1780081790213,"collected_at":"2026-05-29T19:09:51Z"}
{"symbol":"ETHUSDT","trade_id":4054586764,"price":"2015.08000000","quantity":"0.00270000","is_buyer_maker":true,"timestamp":1780081790213,"collected_at":"2026-05-29T19:09:51Z"}
{"symbol":"ETHUSDT","trade_id":4054586765,"price":"2015.08000000","quantity":"0.00250000","is_buyer_maker":true,"timestamp":1780081790213,"collected_at":"2026-05-29T19:09:51Z"}
{"symbol":"ETHUSDT","trade_id":4054586766,"price":"2015.08000000","quantity":"0.00270000","is_buyer_maker":true,"timestamp":1780081790213,"collected_at":"2026-05-29T19:09:51Z"}
{"symbol":"ETHUSDT","trade_id":4054586767,"price":"2015.08000000","quantity":"0.00250000","is_buyer_maker":true,"timestamp":1780081790213,"collected_at":"2026-05-29T19:09:51Z"}
{"symbol":"ETHUSDT","trade_id":4054586768,"price":"2015.08000000","quantity":"0.00250000","is_buyer_maker":true,"timestamp":1780081790213,"collected_at":"2026-05-29T19:09:51Z"}
{"symbol":"ETHUSDT","trade_id":4054586769,"price":"2015.08000000","quantity":"0.00250000","is_buyer_maker":true,"timestamp":1780081790213,"collected_at":"2026-05-29T19:09:51Z"}
{"symbol":"ETHUSDT","trade_id":4054586770,"price":"2015.09000000","quantity":"0.00260000","is_buyer_maker":true,"timestamp":1780081790316,"collected_at":"2026-05-29T19:09:51Z"}
{"symbol":"ETHUSDT","trade_id":4054586771,"price":"2015.09000000","quantity":"0.00250000","is_buyer_maker":true,"timestamp":1780081790316,"collected_at":"2026-05-29T19:09:51Z"}
{"symbol":"ETHUSDT","trade_id":4054586772,"price":"2015.09000000","quantity":"0.09490000","is_buyer_maker":true,"timestamp":1780081790316,"collected_at":"2026-05-29T19:09:51Z"}
{"symbol":"ETHUSDT","trade_id":4054586773,"price":"2015.09000000","quantity":"0.30750000","is_buyer_maker":true,"timestamp":1780081790341,"collected_at":"2026-05-29T19:09:51Z"}
{"symbol":"ETHUSDT","trade_id":4054586774,"price":"2015.09000000","quantity":"0.40240000","is_buyer_maker":true,"timestamp":1780081790341,"collected_at":"2026-05-29T19:09:51Z"}
{"symbol":"ETHUSDT","trade_id":4054586775,"price":"2015.09000000","quantity":"0.00250000","is_buyer_maker":true,"timestamp":1780081790341,"collected_at":"2026-05-29T19:09:51Z"}
{"symbol":"ETHUSDT","trade_id":4054586776,"price":"2015.09000000","quantity":"0.00260000","is_buyer_maker":true,"timestamp":1780081790341,"collected_at":"2026-05-29T19:09:51Z"}
{"symbol":"ETHUSDT","trade_id":4054586777,"price":"2015.09000000","quantity":"0.00260000","is_buyer_maker":true,"timestamp":1780081790341,"collected_at":"2026-05-29T19:09:51Z"}
{"symbol":"ETHUSDT","trade_id":4054586778,"price":"2015.09000000","quantity":"0.00260000","is_buyer_maker":true,"timestamp":1780081790341,"collected_at":"2026-05-29T19:09:51Z"}
{"symbol":"ETHUSDT","trade_id":4054586779,"price":"2015.09000000","quantity":"0.00260000","is_buyer_maker":true,"timestamp":1780081790341,"collected_at":"2026-05-29T19:09:51Z"}
{"symbol":"ETHUSDT","trade_id":4054586780,"price":"2015.09000000","quantity":"0.00540000","is_buyer_maker":true,"timestamp":1780081790341,"collected_at":"2026-05-29T19:09:51Z"}
{"symbol":"ETHUSDT","trade_id":4054586781,"price":"2015.09000000","quantity":"0.00250000","is_buyer_maker":true,"timestamp":1780081790341,"collected_at":"2026-05-29T19:09:51Z"}
{"symbol":"ETHUSDT","trade_id":4054586782,"price":"2015.09000000","quantity":"0.00260000","is_buyer_maker":true,"timestamp":1780081790341,"collected_at":"2026-05-29T19:09:51Z"}
{"symbol":"ETHUSDT","trade_id":4054586783,"price":"2015.09000000","quantity":"0.00250000","is_buyer_maker":true,"timestamp":1780081790341,"collected_at":"2026-05-29T19:09:51Z"}
{"symbol":"ETHUSDT","trade_id":4054586784,"price":"2015.09000000","quantity":"0.00250000","is_buyer_maker":true,"timestamp":1780081790341,"collected_at":"2026-05-29T19:09:51Z"}
{"symbol":"ETHUSDT","trade_id":4054586785,"price":"2015.09000000","quantity":"0.00250000","is_buyer_maker":true,"timestamp":1780081790341,"collected_at":"2026-05-29T19:09:51Z"}
{"symbol":"ETHUSDT","trade_id":4054586786,"price":"2015.10000000","quantity":"0.00250000","is_buyer_maker":true,"timestamp":1780081790341,"collected_at":"2026-05-29T19:09:51Z"}
{"symbol":"ETHUSDT","trade_id":4054586787,"price":"2015.10000000","quantity":"0.00250000","is_buyer_maker":true,"timestamp":1780081790341,"collected_at":"2026-05-29T19:09:51Z"}
{"symbol":"ETHUSDT","trade_id":4054586788,"price":"2015.10000000","quantity":"0.00260000","is_buyer_maker":true,"timestamp":1780081790341,"collected_at":"2026-05-29T19:09:51Z"}
{"symbol":"ETHUSDT","trade_id":4054586789,"price":"2015.10000000","quantity":"0.00260000","is_buyer_maker":true,"timestamp":1780081790341,"collected_at":"2026-05-29T19:09:51Z"}
{"symbol":"ETHUSDT","trade_id":4054586790,"price":"2015.10000000","quantity":"0.00260000","is_buyer_maker":true,"timestamp":1780081790341,"collected_at":"2026-05-29T19:09:51Z"}
{"symbol":"ETHUSDT","trade_id":4054586791,"price":"2015.10000000","quantity":"0.00260000","is_buyer_maker":true,"timestamp":1780081790341,"collected_at":"2026-05-29T19:09:51Z"}
{"symbol":"ETHUSDT","trade_id":4054586792,"price":"2015.10000000","quantity":"0.00250000","is_buyer_maker":true,"timestamp":1780081790341,"collected_at":"2026-05-29T19:09:51Z"}
{"symbol":"ETHUSDT","trade_id":4054586793,"price":"2015.10000000","quantity":"0.00250000","is_buyer_maker":true,"timestamp":1780081790341,"collected_at":"2026-05-29T19:09:51Z"}
{"symbol":"ETHUSDT","trade_id":4054586794,"price":"2015.10000000","quantity":"0.00250000","is_buyer_maker":true,"timestamp":1780081790341,"collected_at":"2026-05-29T19:09:51Z"}
{"symbol":"ETHUSDT","trade_id":4054586795,"price":"2015.10000000","quantity":"0.00250000","is_buyer_maker":true,"timestamp":1780081790341,"collected_at":"2026-05-29T19:09:51Z"}
{"symbol":"ETHUSDT","trade_id":4054586796,"price":"2015.11000000","quantity":"0.00260000","is_buyer_maker":true,"timestamp":1780081790341,"collected_at":"2026-05-29T19:09:51Z"}
{"symbol":"ETHUSDT","trade_id":4054586797,"price":"2015.11000000","quantity":"0.00250000","is_buyer_maker":true,"timestamp":1780081790341,"collected_at":"2026-05-29T19:09:51Z"}
{"symbol":"ETHUSDT","trade_id":4054586798,"price":"2015.11000000","quantity":"0.00250000","is_buyer_maker":true,"timestamp":1780081790341,"collected_at":"2026-05-29T19:09:51Z"}
{"symbol":"ETHUSDT","trade_id":4054586799,"price":"2015.11000000","quantity":"0.00250000","is_buyer_maker":true,"timestamp":1780081790341,"collected_at":"2026-05-29T19:09:51Z"}
{"symbol":"ETHUSDT","trade_id":4054586800,"price":"2015.11000000","quantity":"0.00250000","is_buyer_maker":true,"timestamp":1780081790341,"collected_at":"2026-05-29T19:09:51Z"}
{"symbol":"ETHUSDT","trade_id":4054586801,"price":"2015.11000000","quantity":"0.00250000","is_buyer_maker":true,"timestamp":1780081790341,"collected_at":"2026-05-29T19:09:51Z"}
{"symbol":"ETHUSDT","trade_id":4054586802,"price":"2015.12000000","quantity":"0.00250000","is_buyer_maker":true,"timestamp":1780081790341,"collected_at":"2026-05-29T19:09:51Z"}
{"symbol":"ETHUSDT","trade_id":4054586803,"price":"2015.12000000","quantity":"0.00260000","is_buyer_maker":true,"timestamp":1780081790341,"collected_at":"2026-05-29T19:09:51Z"}
{"symbol":"ETHUSDT","trade_id":4054586804,"price":"2015.12000000","quantity":"0.00250000","is_buyer_maker":true,"timestamp":1780081790341,"collected_at":"2026-05-29T19:09:51Z"}
{"symbol":"ETHUSDT","trade_id":4054586805,"price":"2015.12000000","quantity":"0.00250000","is_buyer_maker":true,"timestamp":1780081790341,"collected_at":"2026-05-29T19:09:51Z"}
{"symbol":"ETHUSDT","trade_id":4054586806,"price":"2015.12000000","quantity":"0.00250000","is_buyer_maker":true,"timestamp":1780081790341,"collected_at":"2026-05-29T19:09:51Z"}
{"symbol":"ETHUSDT","trade_id":4054586807,"price":"2015.12000000","quantity":"0.00250000","is_buyer_maker":true,"timestamp":1780081790341,"collected_at":"2026-05-29T19:09:51Z"}
{"symbol":"ETHUSDT","trade_id":4054586808,"price":"2015.13000000","quantity":"0.00250000","is_buyer_maker":true,"timestamp":1780081790341,"collected_at":"2026-05-29T19:09:51Z"}
{"symbol":"ETHUSDT","trade_id":4054586809,"price":"2015.13000000","quantity":"0.00260000","is_buyer_maker":true,"timestamp":1780081790341,"collected_at":"2026-05-29T19:09:51Z"}
{"symbol":"ETHUSDT","trade_id":4054586810,"price":"2015.13000000","quantity":"0.00250000","is_buyer_maker":true,"timestamp":1780081790341,"collected_at":"2026-05-29T19:09:51Z"}
{"symbol":"ETHUSDT","trade_id":4054586811,"price":"2015.13000000","quantity":"0.00250000","is_buyer_maker":true,"timestamp":1780081790341,"collected_at":"2026-05-29T19:09:51Z"}
{"symbol":"ETHUSDT","trade_id":4054586812,"price":"2015.13000000","quantity":"0.00250000","is_buyer_maker":true,"timestamp":1780081790341,"collected_at":"2026-05-29T19:09:51Z"}
{"symbol":"ETHUSDT","trade_id":4054586813,"price":"2015.13000000","quantity":"0.00250000","is_buyer_maker":true,"timestamp":1780081790341,"collected_at":"2026-05-29T19:09:51Z"}
{"symbol":"ETHUSDT","trade_id":4054586814,"price":"2015.14000000","quantity":"0.00270000","is_buyer_maker":true,"timestamp":1780081790341,"collected_at":"2026-05-29T19:09:51Z"}
{"symbol":"ETHUSDT","trade_id":4054586815,"price":"2015.14000000","quantity":"0.00270000","is_buyer_maker":true,"timestamp":1780081790341,"collected_at":"2026-05-29T19:09:51Z"}
{"symbol":"ETHUSDT","trade_id":4054586816,"price":"2015.14000000","quantity":"0.00260000","is_buyer_maker":true,"timestamp":1780081790341,"collected_at":"2026-05-29T19:09:51Z"}
{"symbol":"ETHUSDT","trade_id":4054586817,"price":"2015.14000000","quantity":"0.00270000","is_buyer_maker":true,"timestamp":1780081790341,"collected_at":"2026-05-29T19:09:51Z"}
{"symbol":"ETHUSDT","trade_id":4054586818,"price":"2015.15000000","quantity":"0.00250000","is_buyer_maker":true,"timestamp":1780081790341,"collected_at":"2026-05-29T19:09:51Z"}
{"symbol":"ETHUSDT","trade_id":4054586819,"price":"2015.15000000","quantity":"0.40240000","is_buyer_maker":true,"timestamp":1780081790341,"collected_at":"2026-05-29T19:09:51Z"}
{"symbol":"ETHUSDT","trade_id":4054586820,"price":"2015.15000000","quantity":"0.00250000","is_buyer_maker":true,"timestamp":1780081790341,"collected_at":"2026-05-29T19:09:51Z"}
{"symbol":"ETHUSDT","trade_id":4054586821,"price":"2015.15000000","quantity":"0.00270000","is_buyer_maker":true,"timestamp":1780081790341,"collected_at":"2026-05-29T19:09:51Z"}
{"symbol":"ETHUSDT","trade_id":4054586822,"price":"2015.15000000","quantity":"0.00270000","is_buyer_maker":true,"timestamp":1780081790341,"collected_at":"2026-05-29T19:09:51Z"}
{"symbol":"ETHUSDT","trade_id":4054586823,"price":"2015.15000000","quantity":"0.00260000","is_buyer_maker":true,"timestamp":1780081790341,"collected_at":"2026-05-29T19:09:51Z"}
{"symbol":"ETHUSDT","trade_id":4054586824,"price":"2015.15000000","quantity":"0.00250000","is_buyer_maker":true,"timestamp":1780081790341,"collected_at":"2026-05-29T19:09:51Z"}
{"symbol":"ETHUSDT","trade_id":4054586825,"price":"2015.15000000","quantity":"0.00250000","is_buyer_maker":true,"timestamp":1780081790341,"collected_at":"2026-05-29T19:09:51Z"}
{"symbol":"ETHUSDT","trade_id":4054586826,"price":"2015.15000000","quantity":"0.00270000","is_buyer_maker":true,"timestamp":1780081790341,"collected_at":"2026-05-29T19:09:51Z"}
{"symbol":"ETHUSDT","trade_id":4054586827,"price":"2015.15000000","quantity":"0.00250000","is_buyer_maker":true,"timestamp":1780081790341,"collected_at":"2026-05-29T19:09:51Z"}
{"symbol":"ETHUSDT","trade_id":4054586828,"price":"2015.15000000","quantity":"0.00250000","is_buyer_maker":true,"timestamp":1780081790341,"collected_at":"2026-05-29T19:09:51Z"}
{"symbol":"ETHUSDT","trade_id":4054586829,"price":"2015.15000000","quantity":"0.00250000","is_buyer_maker":true,"timestamp":1780081790341,"collected_at":"2026-05-29T19:09:51Z"}
{"symbol":"ETHUSDT","trade_id":4054586830,"price":"2015.16000000","quantity":"0.01000000","is_buyer_maker":true,"timestamp":1780081790344,"collected_at":"2026-05-29T19:09:51Z"}
{"symbol":"ETHUSDT","trade_id":4054586831,"price":"2015.16000000","quantity":"0.00250000","is_buyer_maker":true,"timestamp":1780081790344,"collected_at":"2026-05-29T19:09:51Z"}
{"symbol":"ETHUSDT","trade_id":4054586832,"price":"2015.16000000","quantity":"0.00260000","is_buyer_maker":true,"timestamp":1780081790344,"collected_at":"2026-05-29T19:09:51Z"}
{"symbol":"ETHUSDT","trade_id":4054586833,"price":"2015.16000000","quantity":"0.00260000","is_buyer_maker":true,"timestamp":1780081790344,"collected_at":"2026-05-29T19:09:51Z"}
{"symbol":"ETHUSDT","trade_id":4054586834,"price":"2015.16000000","quantity":"0.00250000","is_buyer_maker":true,"timestamp":1780081790344,"collected_at":"2026-05-29T19:09:51Z"}
{"symbol":"ETHUSDT","trade_id":4054586835,"price":"2015.16000000","quantity":"0.00260000","is_buyer_maker":true,"timestamp":1780081790344,"collected_at":"2026-05-29T19:09:51Z"}
{"symbol":"ETHUSDT","trade_id":4054586836,"price":"2015.16000000","quantity":"0.00260000","is_buyer_maker":true,"timestamp":1780081790344,"collected_at":"2026-05-29T19:09:51Z"}
{"symbol":"ETHUSDT","trade_id":4054586837,"price":"2015.16000000","quantity":"0.00250000","is_buyer_maker":true,"timestamp":1780081790344,"collected_at":"2026-05-29T19:09:51Z"}
{"symbol":"ETHUSDT","trade_id":4054586838,"price":"2015.17000000","quantity":"0.00260000","is_buyer_maker":true,"timestamp":1780081790344,"collected_at":"2026-05-29T19:09:51Z"}
{"symbol":"ETHUSDT","trade_id":4054586839,"price":"2015.17000000","quantity":"0.00260000","is_buyer_maker":true,"timestamp":1780081790344,"collected_at":"2026-05-29T19:09:51Z"}
{"symbol":"ETHUSDT","trade_id":4054586840,"price":"2015.17000000","quantity":"0.00260000","is_buyer_maker":true,"timestamp":1780081790344,"collected_at":"2026-05-29T19:09:51Z"}
{"symbol":"ETHUSDT","trade_id":4054586841,"price":"2015.17000000","quantity":"0.00260000","is_buyer_maker":true,"timestamp":1780081790344,"collected_at":"2026-05-29T19:09:51Z"}
{"symbol":"ETHUSDT","trade_id":4054586842,"price":"2015.18000000","quantity":"0.01000000","is_buyer_maker":true,"timestamp":1780081790344,"collected_at":"2026-05-29T19:09:51Z"}
{"symbol":"ETHUSDT","trade_id":4054586843,"price":"2015.18000000","quantity":"0.00260000","is_buyer_maker":true,"timestamp":1780081790344,"collected_at":"2026-05-29T19:09:51Z"}
{"symbol":"ETHUSDT","trade_id":4054586844,"price":"2015.18000000","quantity":"0.09670000","is_buyer_maker":true,"timestamp":1780081790344,"collected_at":"2026-05-29T19:09:51Z"}
{"symbol":"ETHUSDT","trade_id":4054586845,"price":"2015.20000000","quantity":"0.00250000","is_buyer_maker":true,"timestamp":1780081790344,"collected_at":"2026-05-29T19:09:51Z"}
{"symbol":"ETHUSDT","trade_id":4054586846,"price":"2015.20000000","quantity":"0.00250000","is_buyer_maker":true,"timestamp":1780081790344,"collected_at":"2026-05-29T19:09:51Z"}
{"symbol":"ETHUSDT","trade_id":4054586847,"price":"2015.20000000","quantity":"0.01000000","is_buyer_maker":true,"timestamp":1780081790344,"collected_at":"2026-05-29T19:09:51Z"}
{"symbol":"ETHUSDT","trade_id":4054586848,"price":"2015.20000000","quantity":"0.00260000","is_buyer_maker":true,"timestamp":1780081790344,"collected_at":"2026-05-29T19:09:51Z"}
{"symbol":"ETHUSDT","trade_id":4054586849,"price":"2015.20000000","quantity":"0.00250000","is_buyer_maker":true,"timestamp":1780081790344,"collected_at":"2026-05-29T19:09:51Z"}
{"symbol":"ETHUSDT","trade_id":4054586850,"price":"2015.20000000","quantity":"0.00250000","is_buyer_maker":true,"timestamp":1780081790344,"collected_at":"2026-05-29T19:09:51Z"}
{"symbol":"ETHUSDT","trade_id":4054586851,"price":"2015.20000000","quantity":"0.00250000","is_buyer_maker":true,"timestamp":1780081790344,"collected_at":"2026-05-29T19:09:51Z"}
{"symbol":"ETHUSDT","trade_id":4054586852,"price":"2015.20000000","quantity":"0.00250000","is_buyer_maker":true,"timestamp":1780081790344,"collected_at":"2026-05-29T19:09:51Z"}
{"symbol":"ETHUSDT","trade_id":4054586853,"price":"2015.21000000","quantity":"0.00250000","is_buyer_maker":true,"timestamp":1780081790344,"collected_at":"2026-05-29T19:09:51Z"}
{"symbol":"ETHUSDT","trade_id":4054586854,"price":"2015.21000000","quantity":"0.00250000","is_buyer_maker":true,"timestamp":1780081790344,"collected_at":"2026-05-29T19:09:51Z"}
{"symbol":"ETHUSDT","trade_id":4054586855,"price":"2015.21000000","quantity":"0.00250000","is_buyer_maker":true,"timestamp":1780081790344,"collected_at":"2026-05-29T19:09:51Z"}
{"symbol":"ETHUSDT","trade_id":4054586856,"price":"2015.21000000","quantity":"0.00250000","is_buyer_maker":true,"timestamp":1780081790344,"collected_at":"2026-05-29T19:09:51Z"}
{"symbol":"ETHUSDT","trade_id":4054586857,"price":"2015.21000000","quantity":"0.00250000","is_buyer_maker":true,"timestamp":1780081790344,"collected_at":"2026-05-29T19:09:51Z"}
{"symbol":"ETHUSDT","trade_id":4054586858,"price":"2015.21000000","quantity":"0.00250000","is_buyer_maker":true,"timestamp":1780081790344,"collected_at":"2026-05-29T19:09:51Z"}
{"symbol":"ETHUSDT","trade_id":4054586859,"price":"2015.22000000","quantity":"0.00250000","is_buyer_maker":true,"timestamp":1780081790344,"collected_at":"2026-05-29T19:09:51Z"}
{"symbol":"ETHUSDT","trade_id":4054586860,"price":"2015.22000000","quantity":"0.00270000","is_buyer_maker":true,"timestamp":1780081790344,"collected_at":"2026-05-29T19:09:51Z"}
{"symbol":"ETHUSDT","trade_id":4054586861,"price":"2015.22000000","quantity":"0.00270000","is_buyer_maker":true,"timestamp":1780081790344,"collected_at":"2026-05-29T19:09:51Z"}
{"symbol":"ETHUSDT","trade_id":4054586862,"price":"2015.22000000","quantity":"0.00250000","is_buyer_maker":true,"timestamp":1780081790344,"collected_at":"2026-05-29T19:09:51Z"}
{"symbol":"ETHUSDT","trade_id":4054586863,"price":"2015.22000000","quantity":"0.00260000","is_buyer_maker":true,"timestamp":1780081790344,"collected_at":"2026-05-29T19:09:51Z"}
{"symbol":"ETHUSDT","trade_id":4054586864,"price":"2015.22000000","quantity":"0.00250000","is_buyer_maker":true,"timestamp":1780081790344,"collected_at":"2026-05-29T19:09:51Z"}
{"symbol":"ETHUSDT","trade_id":4054586865,"price":"2015.22000000","quantity":"0.00270000","is_buyer_maker":true,"timestamp":1780081790344,"collected_at":"2026-05-29T19:09:51Z"}
{"symbol":"ETHUSDT","trade_id":4054586866,"price":"2015.22000000","quantity":"0.00250000","is_buyer_maker":true,"timestamp":1780081790344,"collected_at":"2026-05-29T19:09:51Z"}
{"symbol":"ETHUSDT","trade_id":4054586867,"price":"2015.22000000","quantity":"0.00250000","is_buyer_maker":true,"timestamp":1780081790344,"collected_at":"2026-05-29T19:09:51Z"}
{"symbol":"ETHUSDT","trade_id":4054586868,"price":"2015.22000000","quantity":"0.00250000","is_buyer_maker":true,"timestamp":1780081790344,"collected_at":"2026-05-29T19:09:51Z"}
{"symbol":"ETHUSDT","trade_id":4054586869,"price":"2015.22000000","quantity":"0.00250000","is_buyer_maker":true,"timestamp":1780081790344,"collected_at":"2026-05-29T19:09:51Z"}
{"symbol":"ETHUSDT","trade_id":4054586870,"price":"2015.23000000","quantity":"0.40000000","is_buyer_maker":true,"timestamp":1780081790344,"collected_at":"2026-05-29T19:09:51Z"}
{"symbol":"ETHUSDT","trade_id":4054586871,"price":"2015.23000000","quantity":"0.00240000","is_buyer_maker":true,"timestamp":1780081790345,"collected_at":"2026-05-29T19:09:51Z"}
{"symbol":"ETHUSDT","trade_id":4054586872,"price":"2015.23000000","quantity":"0.09760000","is_buyer_maker":true,"timestamp":1780081790345,"collected_at":"2026-05-29T19:09:51Z"}
{"symbol":"ETHUSDT","trade_id":4054586873,"price":"2015.23000000","quantity":"0.30480000","is_buyer_maker":true,"timestamp":1780081790774,"collected_at":"2026-05-29T19:09:51Z"}
{"symbol":"ETHUSDT","trade_id":4054586874,"price":"2015.23000000","quantity":"0.00250000","is_buyer_maker":true,"timestamp":1780081790774,"collected_at":"2026-05-29T19:09:51Z"}
{"symbol":"ETHUSDT","trade_id":4054586875,"price":"2015.23000000","quantity":"0.00250000","is_buyer_maker":true,"timestamp":1780081790774,"collected_at":"2026-05-29T19:09:51Z"}
{"symbol":"ETHUSDT","trade_id":4054586876,"price":"2015.23000000","quantity":"0.00260000","is_buyer_maker":true,"timestamp":1780081790774,"collected_at":"2026-05-29T19:09:51Z"}
{"symbol":"ETHUSDT","trade_id":4054586877,"price":"2015.23000000","quantity":"0.68000000","is_buyer_maker":true,"timestamp":1780081790774,"collected_at":"2026-05-29T19:09:51Z"}
{"symbol":"BNBUSDT","trade_id":1504638799,"price":"641.53000000","quantity":"0.00700000","is_buyer_maker":true,"timestamp":1780081790813,"collected_at":"2026-05-29T19:09:51Z"}
{"symbol":"ETHUSDT","trade_id":4054586878,"price":"2015.23000000","quantity":"0.05920000","is_buyer_maker":true,"timestamp":1780081790957,"collected_at":"2026-05-29T19:09:52Z"}
{"symbol":"BTCUSDT","trade_id":6334415924,"price":"73470.47000000","quantity":"0.00130000","is_buyer_maker":true,"timestamp":1780081791592,"collected_at":"2026-05-29T19:09:52Z"}
{"symbol":"BTCUSDT","trade_id":6334415925,"price":"73470.47000000","quantity":"0.00007000","is_buyer_maker":true,"timestamp":1780081791592,"collected_at":"2026-05-29T19:09:52Z"}
{"symbol":"BTCUSDT","trade_id":6334415926,"price":"73470.47000000","quantity":"0.00130000","is_buyer_maker":true,"timestamp":1780081791592,"collected_at":"2026-05-29T19:09:52Z"}
{"symbol":"BTCUSDT","trade_id":6334415927,"price":"73470.47000000","quantity":"0.00014000","is_buyer_maker":true,"timestamp":1780081791592,"collected_at":"2026-05-29T19:09:52Z"}
{"symbol":"BTCUSDT","trade_id":6334415928,"price":"73470.47000000","quantity":"0.00130000","is_buyer_maker":true,"timestamp":1780081791592,"collected_at":"2026-05-29T19:09:52Z"}
{"symbol":"BTCUSDT","trade_id":6334415929,"price":"73470.47000000","quantity":"0.00130000","is_buyer_maker":true,"timestamp":1780081791592,"collected_at":"2026-05-29T19:09:52Z"}
{"symbol":"BTCUSDT","trade_id":6334415930,"price":"73470.47000000","quantity":"0.00130000","is_buyer_maker":true,"timestamp":1780081791592,"collected_at":"2026-05-29T19:09:52Z"}
{"symbol":"BTCUSDT","trade_id":6334415931,"price":"73470.47000000","quantity":"0.00007000","is_buyer_maker":true,"timestamp":1780081791592,"collected_at":"2026-05-29T19:09:52Z"}
{"symbol":"BTCUSDT","trade_id":6334415932,"price":"73470.47000000","quantity":"0.00007000","is_buyer_maker":true,"timestamp":1780081791592,"collected_at":"2026-05-29T19:09:52Z"}
{"symbol":"BTCUSDT","trade_id":6334415933,"price":"73470.47000000","quantity":"0.00008000","is_buyer_maker":true,"timestamp":1780081791592,"collected_at":"2026-05-29T19:09:52Z"}
{"symbol":"BTCUSDT","trade_id":6334415934,"price":"73470.47000000","quantity":"0.00008000","is_buyer_maker":true,"timestamp":1780081791592,"collected_at":"2026-05-29T19:09:52Z"}
{"symbol":"BTCUSDT","trade_id":6334415935,"price":"73470.47000000","quantity":"0.00022000","is_buyer_maker":true,"timestamp":1780081791592,"collected_at":"2026-05-29T19:09:52Z"}
{"symbol":"BTCUSDT","trade_id":6334415936,"price":"73470.47000000","quantity":"0.00042000","is_buyer_maker":true,"timestamp":1780081791592,"collected_at":"2026-05-29T19:09:52Z"}
{"symbol":"ETHUSDT","trade_id":4054586879,"price":"2015.22000000","quantity":"0.00500000","is_buyer_maker":true,"timestamp":1780081792014,"collected_at":"2026-05-29T19:09:53Z"}
{"symbol":"BTCUSDT","trade_id":6334415937,"price":"73470.46000000","quantity":"0.00021000","is_buyer_maker":true,"timestamp":1780081792360,"collected_at":"2026-05-29T19:09:53Z"}
{"symbol":"BTCUSDT","trade_id":6334415938,"price":"73470.47000000","quantity":"0.00159000","is_buyer_maker":true,"timestamp":1780081792584,"collected_at":"2026-05-29T19:09:53Z"}
{"symbol":"BTCUSDT","trade_id":6334415939,"price":"73470.47000000","quantity":"0.00147000","is_buyer_maker":true,"timestamp":1780081792584,"collected_at":"2026-05-29T19:09:53Z"}
{"symbol":"BTCUSDT","trade_id":6334415940,"price":"73470.47000000","quantity":"0.00048000","is_buyer_maker":true,"timestamp":1780081792584,"collected_at":"2026-05-29T19:09:53Z"}
{"symbol":"BTCUSDT","trade_id":6334415941,"price":"73470.47000000","quantity":"0.00069000","is_buyer_maker":true,"timestamp":1780081792584,"collected_at":"2026-05-29T19:09:53Z"}
{"symbol":"BTCUSDT","trade_id":6334415942,"price":"73470.47000000","quantity":"0.02203000","is_buyer_maker":true,"timestamp":1780081792584,"collected_at":"2026-05-29T19:09:53Z"}
{"symbol":"BNBUSDT","trade_id":1504638800,"price":"641.53000000","quantity":"0.00700000","is_buyer_maker":true,"timestamp":1780081792792,"collected_at":"2026-05-29T19:09:53Z"}
{"symbol":"BNBUSDT","trade_id":1504638801,"price":"641.53000000","quantity":"1.26900000","is_buyer_maker":true,"timestamp":1780081793267,"collected_at":"2026-05-29T19:09:54Z"}
{"symbol":"BNBUSDT","trade_id":1504638802,"price":"641.53000000","quantity":"0.00900000","is_buyer_maker":true,"timestamp":1780081793267,"collected_at":"2026-05-29T19:09:54Z"}
{"symbol":"BNBUSDT","trade_id":1504638803,"price":"641.53000000","quantity":"0.00800000","is_buyer_maker":true,"timestamp":1780081793267,"collected_at":"2026-05-29T19:09:54Z"}
{"symbol":"BNBUSDT","trade_id":1504638804,"price":"641.53000000","quantity":"0.00800000","is_buyer_maker":true,"timestamp":1780081793267,"collected_at":"2026-05-29T19:09:54Z"}
{"symbol":"BNBUSDT","trade_id":1504638805,"price":"641.53000000","quantity":"0.00900000","is_buyer_maker":true,"timestamp":1780081793267,"collected_at":"2026-05-29T19:09:54Z"}
{"symbol":"BNBUSDT","trade_id":1504638806,"price":"641.53000000","quantity":"1.66600000","is_buyer_maker":true,"timestamp":1780081793267,"collected_at":"2026-05-29T19:09:54Z"}
{"symbol":"BNBUSDT","trade_id":1504638807,"price":"641.53000000","quantity":"0.00700000","is_buyer_maker":true,"timestamp":1780081794545,"collected_at":"2026-05-29T19:09:55Z"}
{"symbol":"BNBUSDT","trade_id":1504638808,"price":"641.53000000","quantity":"0.01200000","is_buyer_maker":true,"timestamp":1780081794579,"collected_at":"2026-05-29T19:09:55Z"}
{"symbol":"BTCUSDT","trade_id":6334415943,"price":"73470.47000000","quantity":"0.12154000","is_buyer_maker":true,"timestamp":1780081794585,"collected_at":"2026-05-29T19:09:55Z"}
{"symbol":"ETHUSDT","trade_id":4054586880,"price":"2015.23000000","quantity":"0.04300000","is_buyer_maker":true,"timestamp":1780081795334,"collected_at":"2026-05-29T19:09:56Z"}
{"symbol":"ETHUSDT","trade_id":4054586881,"price":"2015.23000000","quantity":"0.04960000","is_buyer_maker":true,"timestamp":1780081796073,"collected_at":"2026-05-29T19:09:57Z"}
{"symbol":"ETHUSDT","trade_id":4054586882,"price":"2015.23000000","quantity":"0.10000000","is_buyer_maker":true,"timestamp":1780081796183,"collected_at":"2026-05-29T19:09:57Z"}
{"symbol":"ETHUSDT","trade_id":4054586883,"price":"2015.23000000","quantity":"0.30240000","is_buyer_maker":true,"timestamp":1780081796341,"collected_at":"2026-05-29T19:09:57Z"}
{"symbol":"ETHUSDT","trade_id":4054586884,"price":"2015.23000000","quantity":"0.00250000","is_buyer_maker":true,"timestamp":1780081796341,"collected_at":"2026-05-29T19:09:57Z"}
{"symbol":"ETHUSDT","trade_id":4054586885,"price":"2015.23000000","quantity":"0.00250000","is_buyer_maker":true,"timestamp":1780081796341,"collected_at":"2026-05-29T19:09:57Z"}
{"symbol":"ETHUSDT","trade_id":4054586886,"price":"2015.23000000","quantity":"0.00250000","is_buyer_maker":true,"timestamp":1780081796341,"collected_at":"2026-05-29T19:09:57Z"}
{"symbol":"ETHUSDT","trade_id":4054586887,"price":"2015.23000000","quantity":"0.00250000","is_buyer_maker":true,"timestamp":1780081796341,"collected_at":"2026-05-29T19:09:57Z"}
{"symbol":"ETHUSDT","trade_id":4054586888,"price":"2015.23000000","quantity":"0.01000000","is_buyer_maker":true,"timestamp":1780081796341,"collected_at":"2026-05-29T19:09:57Z"}
{"symbol":"ETHUSDT","trade_id":4054586889,"price":"2015.23000000","quantity":"0.00250000","is_buyer_maker":true,"timestamp":1780081796341,"collected_at":"2026-05-29T19:09:57Z"}
{"symbol":"ETHUSDT","trade_id":4054586890,"price":"2015.23000000","quantity":"0.00250000","is_buyer_maker":true,"timestamp":1780081796341,"collected_at":"2026-05-29T19:09:57Z"}
{"symbol":"ETHUSDT","trade_id":4054586891,"price":"2015.23000000","quantity":"0.00260000","is_buyer_maker":true,"timestamp":1780081796341,"collected_at":"2026-05-29T19:09:57Z"}
{"symbol":"ETHUSDT","trade_id":4054586892,"price":"2015.23000000","quantity":"0.40240000","is_buyer_maker":true,"timestamp":1780081796341,"collected_at":"2026-05-29T19:09:57Z"}
{"symbol":"ETHUSDT","trade_id":4054586893,"price":"2015.23000000","quantity":"0.00500000","is_buyer_maker":true,"timestamp":1780081796341,"collected_at":"2026-05-29T19:09:57Z"}
{"symbol":"ETHUSDT","trade_id":4054586894,"price":"2015.23000000","quantity":"0.00250000","is_buyer_maker":true,"timestamp":1780081796341,"collected_at":"2026-05-29T19:09:57Z"}
{"symbol":"ETHUSDT","trade_id":4054586895,"price":"2015.23000000","quantity":"0.00260000","is_buyer_maker":true,"timestamp":1780081796341,"collected_at":"2026-05-29T19:09:57Z"}
{"symbol":"ETHUSDT","trade_id":4054586896,"price":"2015.23000000","quantity":"0.00260000","is_buyer_maker":true,"timestamp":1780081796341,"collected_at":"2026-05-29T19:09:57Z"}
{"symbol":"ETHUSDT","trade_id":4054586897,"price":"2015.23000000","quantity":"0.00260000","is_buyer_maker":true,"timestamp":1780081796341,"collected_at":"2026-05-29T19:09:57Z"}
{"symbol":"ETHUSDT","trade_id":4054586898,"price":"2015.23000000","quantity":"0.00260000","is_buyer_maker":true,"timestamp":1780081796341,"collected_at":"2026-05-29T19:09:57Z"}
{"symbol":"ETHUSDT","trade_id":4054586899,"price":"2015.23000000","quantity":"0.00260000","is_buyer_maker":true,"timestamp":1780081796341,"collected_at":"2026-05-29T19:09:57Z"}
{"symbol":"ETHUSDT","trade_id":4054586900,"price":"2015.23000000","quantity":"0.00260000","is_buyer_maker":true,"timestamp":1780081796341,"collected_at":"2026-05-29T19:09:57Z"}
{"symbol":"ETHUSDT","trade_id":4054586901,"price":"2015.23000000","quantity":"0.00550000","is_buyer_maker":true,"timestamp":1780081796341,"collected_at":"2026-05-29T19:09:57Z"}
{"symbol":"ETHUSDT","trade_id":4054586902,"price":"2015.23000000","quantity":"0.00250000","is_buyer_maker":true,"timestamp":1780081796341,"collected_at":"2026-05-29T19:09:57Z"}
{"symbol":"ETHUSDT","trade_id":4054586903,"price":"2015.23000000","quantity":"0.00250000","is_buyer_maker":true,"timestamp":1780081796341,"collected_at":"2026-05-29T19:09:57Z"}
{"symbol":"ETHUSDT","trade_id":4054586904,"price":"2015.23000000","quantity":"0.00250000","is_buyer_maker":true,"timestamp":1780081796341,"collected_at":"2026-05-29T19:09:57Z"}
{"symbol":"ETHUSDT","trade_id":4054586905,"price":"2015.23000000","quantity":"0.00250000","is_buyer_maker":true,"timestamp":1780081796341,"collected_at":"2026-05-29T19:09:57Z"}
{"symbol":"ETHUSDT","trade_id":4054586906,"price":"2015.23000000","quantity":"0.00250000","is_buyer_maker":true,"timestamp":1780081796341,"collected_at":"2026-05-29T19:09:57Z"}
{"symbol":"ETHUSDT","trade_id":4054586907,"price":"2015.23000000","quantity":"0.00250000","is_buyer_maker":true,"timestamp":1780081796341,"collected_at":"2026-05-29T19:09:57Z"}
{"symbol":"ETHUSDT","trade_id":4054586908,"price":"2015.24000000","quantity":"0.00250000","is_buyer_maker":true,"timestamp":1780081796341,"collected_at":"2026-05-29T19:09:57Z"}
{"symbol":"ETHUSDT","trade_id":4054586909,"price":"2015.24000000","quantity":"0.00260000","is_buyer_maker":true,"timestamp":1780081796341,"collected_at":"2026-05-29T19:09:57Z"}
{"symbol":"ETHUSDT","trade_id":4054586910,"price":"2015.24000000","quantity":"0.00250000","is_buyer_maker":true,"timestamp":1780081796341,"collected_at":"2026-05-29T19:09:57Z"}
{"symbol":"ETHUSDT","trade_id":4054586911,"price":"2015.24000000","quantity":"0.00250000","is_buyer_maker":true,"timestamp":1780081796341,"collected_at":"2026-05-29T19:09:57Z"}
{"symbol":"ETHUSDT","trade_id":4054586912,"price":"2015.24000000","quantity":"0.00500000","is_buyer_maker":true,"timestamp":1780081796341,"collected_at":"2026-05-29T19:09:57Z"}
{"symbol":"ETHUSDT","trade_id":4054586913,"price":"2015.24000000","quantity":"0.00260000","is_buyer_maker":true,"timestamp":1780081796341,"collected_at":"2026-05-29T19:09:57Z"}
{"symbol":"ETHUSDT","trade_id":4054586914,"price":"2015.24000000","quantity":"0.00260000","is_buyer_maker":true,"timestamp":1780081796341,"collected_at":"2026-05-29T19:09:57Z"}
{"symbol":"ETHUSDT","trade_id":4054586915,"price":"2015.24000000","quantity":"0.00260000","is_buyer_maker":true,"timestamp":1780081796341,"collected_at":"2026-05-29T19:09:57Z"}
{"symbol":"ETHUSDT","trade_id":4054586916,"price":"2015.24000000","quantity":"0.00250000","is_buyer_maker":true,"timestamp":1780081796341,"collected_at":"2026-05-29T19:09:57Z"}
{"symbol":"ETHUSDT","trade_id":4054586917,"price":"2015.24000000","quantity":"0.00250000","is_buyer_maker":true,"timestamp":1780081796341,"collected_at":"2026-05-29T19:09:57Z"}
{"symbol":"ETHUSDT","trade_id":4054586918,"price":"2015.24000000","quantity":"0.00250000","is_buyer_maker":true,"timestamp":1780081796341,"collected_at":"2026-05-29T19:09:57Z"}
{"symbol":"ETHUSDT","trade_id":4054586919,"price":"2015.25000000","quantity":"0.00270000","is_buyer_maker":true,"timestamp":1780081796341,"collected_at":"2026-05-29T19:09:57Z"}
{"symbol":"ETHUSDT","trade_id":4054586920,"price":"2015.25000000","quantity":"0.00270000","is_buyer_maker":true,"timestamp":1780081796341,"collected_at":"2026-05-29T19:09:57Z"}
{"symbol":"ETHUSDT","trade_id":4054586921,"price":"2015.25000000","quantity":"0.00260000","is_buyer_maker":true,"timestamp":1780081796341,"collected_at":"2026-05-29T19:09:57Z"}
{"symbol":"ETHUSDT","trade_id":4054586922,"price":"2015.25000000","quantity":"0.01000000","is_buyer_maker":true,"timestamp":1780081796341,"collected_at":"2026-05-29T19:09:57Z"}
{"symbol":"ETHUSDT","trade_id":4054586923,"price":"2015.25000000","quantity":"0.00500000","is_buyer_maker":true,"timestamp":1780081796341,"collected_at":"2026-05-29T19:09:57Z"}
{"symbol":"ETHUSDT","trade_id":4054586924,"price":"2015.25000000","quantity":"0.00260000","is_buyer_maker":true,"timestamp":1780081796341,"collected_at":"2026-05-29T19:09:57Z"}
{"symbol":"ETHUSDT","trade_id":4054586925,"price":"2015.25000000","quantity":"0.00520000","is_buyer_maker":true,"timestamp":1780081796341,"collected_at":"2026-05-29T19:09:57Z"}
{"symbol":"ETHUSDT","trade_id":4054586926,"price":"2015.25000000","quantity":"0.00270000","is_buyer_maker":true,"timestamp":1780081796341,"collected_at":"2026-05-29T19:09:57Z"}
{"symbol":"BNBUSDT","trade_id":1504638809,"price":"641.53000000","quantity":"0.00700000","is_buyer_maker":true,"timestamp":1780081796411,"collected_at":"2026-05-29T19:09:57Z"}
{"symbol":"ETHUSDT","trade_id":4054586927,"price":"2015.26000000","quantity":"0.59550000","is_buyer_maker":true,"timestamp":1780081796416,"collected_at":"2026-05-29T19:09:57Z"}
{"symbol":"ETHUSDT","trade_id":4054586928,"price":"2015.26000000","quantity":"0.00260000","is_buyer_maker":true,"timestamp":1780081796416,"collected_at":"2026-05-29T19:09:57Z"}
{"symbol":"ETHUSDT","trade_id":4054586929,"price":"2015.26000000","quantity":"0.00250000","is_buyer_maker":true,"timestamp":1780081796416,"collected_at":"2026-05-29T19:09:57Z"}
{"symbol":"ETHUSDT","trade_id":4054586930,"price":"2015.26000000","quantity":"0.00250000","is_buyer_maker":true,"timestamp":1780081796416,"collected_at":"2026-05-29T19:09:57Z"}
{"symbol":"ETHUSDT","trade_id":4054586931,"price":"2015.26000000","quantity":"0.00260000","is_buyer_maker":true,"timestamp":1780081796416,"collected_at":"2026-05-29T19:09:57Z"}
{"symbol":"ETHUSDT","trade_id":4054586932,"price":"2015.26000000","quantity":"0.00260000","is_buyer_maker":true,"timestamp":1780081796416,"collected_at":"2026-05-29T19:09:57Z"}
{"symbol":"ETHUSDT","trade_id":4054586933,"price":"2015.26000000","quantity":"0.00260000","is_buyer_maker":true,"timestamp":1780081796416,"collected_at":"2026-05-29T19:09:57Z"}
{"symbol":"ETHUSDT","trade_id":4054586934,"price":"2015.26000000","quantity":"0.00260000","is_buyer_maker":true,"timestamp":1780081796416,"collected_at":"2026-05-29T19:09:57Z"}
{"symbol":"ETHUSDT","trade_id":4054586935,"price":"2015.26000000","quantity":"0.00260000","is_buyer_maker":true,"timestamp":1780081796416,"collected_at":"2026-05-29T19:09:57Z"}
{"symbol":"ETHUSDT","trade_id":4054586936,"price":"2015.26000000","quantity":"0.00260000","is_buyer_maker":true,"timestamp":1780081796416,"collected_at":"2026-05-29T19:09:57Z"}
{"symbol":"ETHUSDT","trade_id":4054586937,"price":"2015.26000000","quantity":"0.00260000","is_buyer_maker":true,"timestamp":1780081796416,"collected_at":"2026-05-29T19:09:57Z"}
{"symbol":"ETHUSDT","trade_id":4054586938,"price":"2015.26000000","quantity":"0.00500000","is_buyer_maker":true,"timestamp":1780081796416,"collected_at":"2026-05-29T19:09:57Z"}
{"symbol":"ETHUSDT","trade_id":4054586939,"price":"2015.26000000","quantity":"0.00250000","is_buyer_maker":true,"timestamp":1780081796416,"collected_at":"2026-05-29T19:09:57Z"}
{"symbol":"ETHUSDT","trade_id":4054586940,"price":"2015.27000000","quantity":"0.01000000","is_buyer_maker":true,"timestamp":1780081796416,"collected_at":"2026-05-29T19:09:57Z"}
{"symbol":"ETHUSDT","trade_id":4054586941,"price":"2015.27000000","quantity":"0.00260000","is_buyer_maker":true,"timestamp":1780081796416,"collected_at":"2026-05-29T19:09:57Z"}
{"symbol":"ETHUSDT","trade_id":4054586942,"price":"2015.27000000","quantity":"0.00260000","is_buyer_maker":true,"timestamp":1780081796416,"collected_at":"2026-05-29T19:09:57Z"}
{"symbol":"ETHUSDT","trade_id":4054586943,"price":"2015.27000000","quantity":"0.00260000","is_buyer_maker":true,"timestamp":1780081796416,"collected_at":"2026-05-29T19:09:57Z"}
{"symbol":"ETHUSDT","trade_id":4054586944,"price":"2015.27000000","quantity":"0.00250000","is_buyer_maker":true,"timestamp":1780081796416,"collected_at":"2026-05-29T19:09:57Z"}
{"symbol":"ETHUSDT","trade_id":4054586945,"price":"2015.27000000","quantity":"0.00260000","is_buyer_maker":true,"timestamp":1780081796416,"collected_at":"2026-05-29T19:09:57Z"}
{"symbol":"ETHUSDT","trade_id":4054586946,"price":"2015.27000000","quantity":"0.00260000","is_buyer_maker":true,"timestamp":1780081796416,"collected_at":"2026-05-29T19:09:57Z"}
{"symbol":"ETHUSDT","trade_id":4054586947,"price":"2015.27000000","quantity":"0.00500000","is_buyer_maker":true,"timestamp":1780081796416,"collected_at":"2026-05-29T19:09:57Z"}
{"symbol":"ETHUSDT","trade_id":4054586948,"price":"2015.27000000","quantity":"0.00260000","is_buyer_maker":true,"timestamp":1780081796416,"collected_at":"2026-05-29T19:09:57Z"}
{"symbol":"ETHUSDT","trade_id":4054586949,"price":"2015.27000000","quantity":"0.00250000","is_buyer_maker":true,"timestamp":1780081796416,"collected_at":"2026-05-29T19:09:57Z"}
{"symbol":"ETHUSDT","trade_id":4054586950,"price":"2015.28000000","quantity":"0.00260000","is_buyer_maker":true,"timestamp":1780081796416,"collected_at":"2026-05-29T19:09:57Z"}
{"symbol":"ETHUSDT","trade_id":4054586951,"price":"2015.28000000","quantity":"0.00500000","is_buyer_maker":true,"timestamp":1780081796416,"collected_at":"2026-05-29T19:09:57Z"}
{"symbol":"ETHUSDT","trade_id":4054586952,"price":"2015.29000000","quantity":"0.00260000","is_buyer_maker":true,"timestamp":1780081796416,"collected_at":"2026-05-29T19:09:57Z"}
{"symbol":"ETHUSDT","trade_id":4054586953,"price":"2015.29000000","quantity":"0.00260000","is_buyer_maker":true,"timestamp":1780081796416,"collected_at":"2026-05-29T19:09:57Z"}
{"symbol":"ETHUSDT","trade_id":4054586954,"price":"2015.30000000","quantity":"0.00250000","is_buyer_maker":true,"timestamp":1780081796416,"collected_at":"2026-05-29T19:09:57Z"}
{"symbol":"ETHUSDT","trade_id":4054586955,"price":"2015.30000000","quantity":"0.00250000","is_buyer_maker":true,"timestamp":1780081796416,"collected_at":"2026-05-29T19:09:57Z"}
{"symbol":"ETHUSDT","trade_id":4054586956,"price":"2015.30000000","quantity":"0.00250000","is_buyer_maker":true,"timestamp":1780081796416,"collected_at":"2026-05-29T19:09:57Z"}
{"symbol":"ETHUSDT","trade_id":4054586957,"price":"2015.30000000","quantity":"0.00260000","is_buyer_maker":true,"timestamp":1780081796416,"collected_at":"2026-05-29T19:09:57Z"}
{"symbol":"ETHUSDT","trade_id":4054586958,"price":"2015.30000000","quantity":"0.00250000","is_buyer_maker":true,"timestamp":1780081796416,"collected_at":"2026-05-29T19:09:57Z"}
{"symbol":"ETHUSDT","trade_id":4054586959,"price":"2015.30000000","quantity":"0.00250000","is_buyer_maker":true,"timestamp":1780081796416,"collected_at":"2026-05-29T19:09:57Z"}
{"symbol":"ETHUSDT","trade_id":4054586960,"price":"2015.30000000","quantity":"0.00250000","is_buyer_maker":true,"timestamp":1780081796416,"collected_at":"2026-05-29T19:09:57Z"}
{"symbol":"ETHUSDT","trade_id":4054586961,"price":"2015.30000000","quantity":"0.00250000","is_buyer_maker":true,"timestamp":1780081796416,"collected_at":"2026-05-29T19:09:57Z"}
{"symbol":"ETHUSDT","trade_id":4054586962,"price":"2015.31000000","quantity":"0.00250000","is_buyer_maker":true,"timestamp":1780081796416,"collected_at":"2026-05-29T19:09:57Z"}
{"symbol":"ETHUSDT","trade_id":4054586963,"price":"2015.31000000","quantity":"0.00300000","is_buyer_maker":true,"timestamp":1780081796416,"collected_at":"2026-05-29T19:09:57Z"}
{"symbol":"ETHUSDT","trade_id":4054586964,"price":"2015.31000000","quantity":"0.00270000","is_buyer_maker":true,"timestamp":1780081796416,"collected_at":"2026-05-29T19:09:57Z"}
{"symbol":"ETHUSDT","trade_id":4054586965,"price":"2015.31000000","quantity":"0.00270000","is_buyer_maker":true,"timestamp":1780081796416,"collected_at":"2026-05-29T19:09:57Z"}
{"symbol":"ETHUSDT","trade_id":4054586966,"price":"2015.31000000","quantity":"0.00260000","is_buyer_maker":true,"timestamp":1780081796416,"collected_at":"2026-05-29T19:09:57Z"}
{"symbol":"ETHUSDT","trade_id":4054586967,"price":"2015.31000000","quantity":"0.02000000","is_buyer_maker":true,"timestamp":1780081796416,"collected_at":"2026-05-29T19:09:57Z"}
{"symbol":"ETHUSDT","trade_id":4054586968,"price":"2015.31000000","quantity":"0.00250000","is_buyer_maker":true,"timestamp":1780081796416,"collected_at":"2026-05-29T19:09:57Z"}
{"symbol":"ETHUSDT","trade_id":4054586969,"price":"2015.31000000","quantity":"0.00270000","is_buyer_maker":true,"timestamp":1780081796416,"collected_at":"2026-05-29T19:09:57Z"}
{"symbol":"ETHUSDT","trade_id":4054586970,"price":"2015.31000000","quantity":"0.00250000","is_buyer_maker":true,"timestamp":1780081796416,"collected_at":"2026-05-29T19:09:57Z"}
{"symbol":"ETHUSDT","trade_id":4054586971,"price":"2015.31000000","quantity":"0.00250000","is_buyer_maker":true,"timestamp":1780081796416,"collected_at":"2026-05-29T19:09:57Z"}
{"symbol":"ETHUSDT","trade_id":4054586972,"price":"2015.31000000","quantity":"0.00250000","is_buyer_maker":true,"timestamp":1780081796416,"collected_at":"2026-05-29T19:09:57Z"}
{"symbol":"BTCUSDT","trade_id":6334415944,"price":"73470.47000000","quantity":"0.00007000","is_buyer_maker":true,"timestamp":1780081796736,"collected_at":"2026-05-29T19:09:57Z"}
{"symbol":"BTCUSDT","trade_id":6334415945,"price":"73470.47000000","quantity":"0.00007000","is_buyer_maker":true,"timestamp":1780081796736,"collected_at":"2026-05-29T19:09:57Z"}
{"symbol":"BTCUSDT","trade_id":6334415946,"price":"73470.47000000","quantity":"0.00008000","is_buyer_maker":true,"timestamp":1780081796736,"collected_at":"2026-05-29T19:09:57Z"}
{"symbol":"BTCUSDT","trade_id":6334415947,"price":"73470.47000000","quantity":"0.00007000","is_buyer_maker":true,"timestamp":1780081796736,"collected_at":"2026-05-29T19:09:57Z"}
{"symbol":"BTCUSDT","trade_id":6334415948,"price":"73470.47000000","quantity":"0.00012000","is_buyer_maker":true,"timestamp":1780081796736,"collected_at":"2026-05-29T19:09:57Z"}
{"symbol":"BTCUSDT","trade_id":6334415949,"price":"73470.47000000","quantity":"0.00007000","is_buyer_maker":true,"timestamp":1780081796736,"collected_at":"2026-05-29T19:09:57Z"}
{"symbol":"BTCUSDT","trade_id":6334415950,"price":"73470.47000000","quantity":"0.00008000","is_buyer_maker":true,"timestamp":1780081796736,"collected_at":"2026-05-29T19:09:57Z"}
{"symbol":"BTCUSDT","trade_id":6334415951,"price":"73470.47000000","quantity":"0.00008000","is_buyer_maker":true,"timestamp":1780081796736,"collected_at":"2026-05-29T19:09:57Z"}
{"symbol":"BTCUSDT","trade_id":6334415952,"price":"73470.47000000","quantity":"0.00014000","is_buyer_maker":true,"timestamp":1780081796736,"collected_at":"2026-05-29T19:09:57Z"}
{"symbol":"BTCUSDT","trade_id":6334415953,"price":"73470.47000000","quantity":"0.00007000","is_buyer_maker":true,"timestamp":1780081796736,"collected_at":"2026-05-29T19:09:57Z"}
{"symbol":"BTCUSDT","trade_id":6334415954,"price":"73470.47000000","quantity":"0.00007000","is_buyer_maker":true,"timestamp":1780081796736,"collected_at":"2026-05-29T19:09:57Z"}
{"symbol":"BTCUSDT","trade_id":6334415955,"price":"73470.47000000","quantity":"0.00007000","is_buyer_maker":true,"timestamp":1780081796736,"collected_at":"2026-05-29T19:09:57Z"}
{"symbol":"BTCUSDT","trade_id":6334415956,"price":"73470.47000000","quantity":"0.00007000","is_buyer_maker":true,"timestamp":1780081796736,"collected_at":"2026-05-29T19:09:57Z"}
{"symbol":"BTCUSDT","trade_id":6334415957,"price":"73470.47000000","quantity":"0.00010000","is_buyer_maker":true,"timestamp":1780081796736,"collected_at":"2026-05-29T19:09:57Z"}
{"symbol":"BTCUSDT","trade_id":6334415958,"price":"73470.47000000","quantity":"0.00022000","is_buyer_maker":true,"timestamp":1780081796936,"collected_at":"2026-05-29T19:09:58Z"}
{"symbol":"BTCUSDT","trade_id":6334415959,"price":"73470.47000000","quantity":"0.00019000","is_buyer_maker":true,"timestamp":1780081796936,"collected_at":"2026-05-29T19:09:58Z"}
{"symbol":"BTCUSDT","trade_id":6334415960,"price":"73470.47000000","quantity":"0.00070000","is_buyer_maker":true,"timestamp":1780081796936,"collected_at":"2026-05-29T19:09:58Z"}
{"symbol":"BTCUSDT","trade_id":6334415961,"price":"73470.47000000","quantity":"0.00025000","is_buyer_maker":true,"timestamp":1780081796936,"collected_at":"2026-05-29T19:09:58Z"}
{"symbol":"BTCUSDT","trade_id":6334415962,"price":"73470.47000000","quantity":"0.00022000","is_buyer_maker":true,"timestamp":1780081797025,"collected_at":"2026-05-29T19:09:58Z"}
{"symbol":"BTCUSDT","trade_id":6334415963,"price":"73470.47000000","quantity":"0.00008000","is_buyer_maker":true,"timestamp":1780081797025,"collected_at":"2026-05-29T19:09:58Z"}
{"symbol":"BTCUSDT","trade_id":6334415964,"price":"73470.47000000","quantity":"0.00008000","is_buyer_maker":true,"timestamp":1780081797025,"collected_at":"2026-05-29T19:09:58Z"}
{"symbol":"BTCUSDT","trade_id":6334415965,"price":"73470.47000000","quantity":"0.00007000","is_buyer_maker":true,"timestamp":1780081797025,"collected_at":"2026-05-29T19:09:58Z"}
{"symbol":"BTCUSDT","trade_id":6334415966,"price":"73470.47000000","quantity":"0.00007000","is_buyer_maker":true,"timestamp":1780081797025,"collected_at":"2026-05-29T19:09:58Z"}
{"symbol":"BTCUSDT","trade_id":6334415967,"price":"73470.47000000","quantity":"0.00007000","is_buyer_maker":true,"timestamp":1780081797025,"collected_at":"2026-05-29T19:09:58Z"}
{"symbol":"BTCUSDT","trade_id":6334415968,"price":"73470.47000000","quantity":"0.00007000","is_buyer_maker":true,"timestamp":1780081797025,"collected_at":"2026-05-29T19:09:58Z"}
{"symbol":"BTCUSDT","trade_id":6334415969,"price":"73470.47000000","quantity":"0.00027000","is_buyer_maker":true,"timestamp":1780081797025,"collected_at":"2026-05-29T19:09:58Z"}
{"symbol":"BTCUSDT","trade_id":6334415970,"price":"73470.47000000","quantity":"0.00007000","is_buyer_maker":true,"timestamp":1780081797025,"collected_at":"2026-05-29T19:09:58Z"}
{"symbol":"BTCUSDT","trade_id":6334415971,"price":"73470.47000000","quantity":"0.00022000","is_buyer_maker":true,"timestamp":1780081797025,"collected_at":"2026-05-29T19:09:58Z"}
{"symbol":"BTCUSDT","trade_id":6334415972,"price":"73470.46000000","quantity":"0.00195000","is_buyer_maker":true,"timestamp":1780081797708,"collected_at":"2026-05-29T19:09:58Z"}
{"symbol":"BTCUSDT","trade_id":6334415973,"price":"73470.46000000","quantity":"0.00007000","is_buyer_maker":true,"timestamp":1780081797708,"collected_at":"2026-05-29T19:09:58Z"}
{"symbol":"BTCUSDT","trade_id":6334415974,"price":"73470.46000000","quantity":"0.00007000","is_buyer_maker":true,"timestamp":1780081797708,"collected_at":"2026-05-29T19:09:58Z"}
{"symbol":"BTCUSDT","trade_id":6334415975,"price":"73470.46000000","quantity":"0.00007000","is_buyer_maker":true,"timestamp":1780081797708,"collected_at":"2026-05-29T19:09:58Z"}
{"symbol":"BTCUSDT","trade_id":6334415976,"price":"73470.46000000","quantity":"0.00007000","is_buyer_maker":true,"timestamp":1780081797708,"collected_at":"2026-05-29T19:09:58Z"}
{"symbol":"BTCUSDT","trade_id":6334415977,"price":"73470.46000000","quantity":"0.00008000","is_buyer_maker":true,"timestamp":1780081797708,"collected_at":"2026-05-29T19:09:58Z"}
{"symbol":"BTCUSDT","trade_id":6334415978,"price":"73470.46000000","quantity":"0.00010000","is_buyer_maker":true,"timestamp":1780081797708,"collected_at":"2026-05-29T19:09:58Z"}
{"symbol":"BTCUSDT","trade_id":6334415979,"price":"73470.46000000","quantity":"0.00732000","is_buyer_maker":true,"timestamp":1780081797708,"collected_at":"2026-05-29T19:09:58Z"}
{"symbol":"BTCUSDT","trade_id":6334415980,"price":"73470.46000000","quantity":"0.00014000","is_buyer_maker":true,"timestamp":1780081797708,"collected_at":"2026-05-29T19:09:58Z"}
{"symbol":"BTCUSDT","trade_id":6334415981,"price":"73470.46000000","quantity":"0.00430000","is_buyer_maker":true,"timestamp":1780081797708,"collected_at":"2026-05-29T19:09:58Z"}
{"symbol":"BTCUSDT","trade_id":6334415982,"price":"73470.46000000","quantity":"0.02200000","is_buyer_maker":true,"timestamp":1780081797708,"collected_at":"2026-05-29T19:09:58Z"}
{"symbol":"BTCUSDT","trade_id":6334415983,"price":"73470.46000000","quantity":"0.00250000","is_buyer_maker":true,"timestamp":1780081797708,"collected_at":"2026-05-29T19:09:58Z"}
{"symbol":"BTCUSDT","trade_id":6334415984,"price":"73470.46000000","quantity":"0.00150000","is_buyer_maker":true,"timestamp":1780081797708,"collected_at":"2026-05-29T19:09:58Z"}
{"symbol":"BTCUSDT","trade_id":6334415985,"price":"73470.46000000","quantity":"0.15560000","is_buyer_maker":true,"timestamp":1780081797708,"collected_at":"2026-05-29T19:09:58Z"}
{"symbol":"BTCUSDT","trade_id":6334415986,"price":"73470.46000000","quantity":"0.12966000","is_buyer_maker":true,"timestamp":1780081797708,"collected_at":"2026-05-29T19:09:58Z"}
{"symbol":"BTCUSDT","trade_id":6334415987,"price":"73470.47000000","quantity":"0.00138000","is_buyer_maker":true,"timestamp":1780081798037,"collected_at":"2026-05-29T19:09:59Z"}
{"symbol":"BTCUSDT","trade_id":6334415988,"price":"73470.46000000","quantity":"0.00070000","is_buyer_maker":true,"timestamp":1780081798167,"collected_at":"2026-05-29T19:09:59Z"}
{"symbol":"BNBUSDT","trade_id":1504638810,"price":"641.53000000","quantity":"0.00700000","is_buyer_maker":true,"timestamp":1780081798238,"collected_at":"2026-05-29T19:09:59Z"}
{"symbol":"BNBUSDT","trade_id":1504638811,"price":"641.53000000","quantity":"0.33000000","is_buyer_maker":true,"timestamp":1780081799515,"collected_at":"2026-05-29T19:10:00Z"}
{"symbol":"BNBUSDT","trade_id":1504638812,"price":"641.52000000","quantity":"0.29100000","is_buyer_maker":true,"timestamp":1780081799597,"collected_at":"2026-05-29T19:10:00Z"}
{"symbol":"BNBUSDT","trade_id":1504638813,"price":"641.52000000","quantity":"0.00900000","is_buyer_maker":true,"timestamp":1780081799597,"collected_at":"2026-05-29T19:10:00Z"}
{"symbol":"BNBUSDT","trade_id":1504638814,"price":"641.52000000","quantity":"0.00900000","is_buyer_maker":true,"timestamp":1780081799597,"collected_at":"2026-05-29T19:10:00Z"}
{"symbol":"BNBUSDT","trade_id":1504638815,"price":"641.52000000","quantity":"0.00900000","is_buyer_maker":true,"timestamp":1780081799597,"collected_at":"2026-05-29T19:10:00Z"}
{"symbol":"BNBUSDT","trade_id":1504638816,"price":"641.52000000","quantity":"0.00900000","is_buyer_maker":true,"timestamp":1780081799597,"collected_at":"2026-05-29T19:10:00Z"}
{"symbol":"BNBUSDT","trade_id":1504638817,"price":"641.52000000","quantity":"0.00800000","is_buyer_maker":true,"timestamp":1780081799597,"collected_at":"2026-05-29T19:10:00Z"}
{"symbol":"BNBUSDT","trade_id":1504638818,"price":"641.52000000","quantity":"0.62600000","is_buyer_maker":true,"timestamp":1780081799597,"collected_at":"2026-05-29T19:10:00Z"}
{"symbol":"BNBUSDT","trade_id":1504638819,"price":"641.53000000","quantity":"0.03100000","is_buyer_maker":true,"timestamp":1780081799696,"collected_at":"2026-05-29T19:10:00Z"}
{"symbol":"BNBUSDT","trade_id":1504638820,"price":"641.53000000","quantity":"0.00700000","is_buyer_maker":true,"timestamp":1780081799976,"collected_at":"2026-05-29T19:10:01Z"}
{"symbol":"BTCUSDT","trade_id":6334415989,"price":"73470.46000000","quantity":"0.00093000","is_buyer_maker":true,"timestamp":1780081800011,"collected_at":"2026-05-29T19:10:01Z"}
{"symbol":"BNBUSDT","trade_id":1504638821,"price":"641.53000000","quantity":"0.01600000","is_buyer_maker":true,"timestamp":1780081800315,"collected_at":"2026-05-29T19:10:01Z"}
{"symbol":"BTCUSDT","trade_id":6334415990,"price":"73470.47000000","quantity":"0.04248000","is_buyer_maker":true,"timestamp":1780081800685,"collected_at":"2026-05-29T19:10:01Z"}
{"symbol":"BNBUSDT","trade_id":1504638822,"price":"641.53000000","quantity":"0.00700000","is_buyer_maker":true,"timestamp":1780081801781,"collected_at":"2026-05-29T19:10:02Z"}
{"symbol":"BTCUSDT","trade_id":6334415991,"price":"73470.46000000","quantity":"0.00007000","is_buyer_maker":true,"timestamp":1780081801877,"collected_at":"2026-05-29T19:10:02Z"}
{"symbol":"BTCUSDT","trade_id":6334415992,"price":"73470.46000000","quantity":"0.00465000","is_buyer_maker":true,"timestamp":1780081801877,"collected_at":"2026-05-29T19:10:02Z"}
{"symbol":"BTCUSDT","trade_id":6334415993,"price":"73470.47000000","quantity":"0.00131000","is_buyer_maker":true,"timestamp":1780081802267,"collected_at":"2026-05-29T19:10:03Z"}
{"symbol":"BTCUSDT","trade_id":6334415994,"price":"73470.46000000","quantity":"0.00272000","is_buyer_maker":true,"timestamp":1780081802426,"collected_at":"2026-05-29T19:10:03Z"}
{"symbol":"BNBUSDT","trade_id":1504638823,"price":"641.53000000","quantity":"0.57600000","is_buyer_maker":true,"timestamp":1780081802952,"collected_at":"2026-05-29T19:10:04Z"}
{"symbol":"BNBUSDT","trade_id":1504638824,"price":"641.53000000","quantity":"0.00700000","is_buyer_maker":true,"timestamp":1780081803513,"collected_at":"2026-05-29T19:10:04Z"}
{"symbol":"BTCUSDT","trade_id":6334415995,"price":"73470.46000000","quantity":"0.00014000","is_buyer_maker":true,"timestamp":1780081804004,"collected_at":"2026-05-29T19:10:05Z"}
{"symbol":"BTCUSDT","trade_id":6334415996,"price":"73470.47000000","quantity":"0.00978000","is_buyer_maker":true,"timestamp":1780081804172,"collected_at":"2026-05-29T19:10:05Z"}
{"symbol":"BTCUSDT","trade_id":6334415997,"price":"73470.47000000","quantity":"0.00179000","is_buyer_maker":true,"timestamp":1780081804273,"collected_at":"2026-05-29T19:10:05Z"}
{"symbol":"BTCUSDT","trade_id":6334415998,"price":"73470.47000000","quantity":"0.01242000","is_buyer_maker":true,"timestamp":1780081804345,"collected_at":"2026-05-29T19:10:05Z"}
{"symbol":"BTCUSDT","trade_id":6334415999,"price":"73470.47000000","quantity":"0.09291000","is_buyer_maker":true,"timestamp":1780081804585,"collected_at":"2026-05-29T19:10:05Z"}
{"symbol":"BNBUSDT","trade_id":1504638825,"price":"641.52000000","quantity":"1.15400000","is_buyer_maker":true,"timestamp":1780081804589,"collected_at":"2026-05-29T19:10:05Z"}
{"symbol":"BTCUSDT","trade_id":6334416000,"price":"73470.46000000","quantity":"0.00007000","is_buyer_maker":true,"timestamp":1780081804632,"collected_at":"2026-05-29T19:10:05Z"}
{"symbol":"BTCUSDT","trade_id":6334416001,"price":"73470.46000000","quantity":"0.00002000","is_buyer_maker":true,"timestamp":1780081804632,"collected_at":"2026-05-29T19:10:05Z"}
{"symbol":"BNBUSDT","trade_id":1504638826,"price":"641.53000000","quantity":"0.00700000","is_buyer_maker":true,"timestamp":1780081805142,"collected_at":"2026-05-29T19:10:06Z"}
{"symbol":"BNBUSDT","trade_id":1504638827,"price":"641.53000000","quantity":"0.13600000","is_buyer_maker":true,"timestamp":1780081805144,"collected_at":"2026-05-29T19:10:06Z"}
{"symbol":"BTCUSDT","trade_id":6334416002,"price":"73470.46000000","quantity":"0.00199000","is_buyer_maker":true,"timestamp":1780081805324,"collected_at":"2026-05-29T19:10:06Z"}
{"symbol":"BNBUSDT","trade_id":1504638828,"price":"641.52000000","quantity":"0.01300000","is_buyer_maker":true,"timestamp":1780081805775,"collected_at":"2026-05-29T19:10:06Z"}
{"symbol":"BTCUSDT","trade_id":6334416003,"price":"73470.47000000","quantity":"0.00009000","is_buyer_maker":true,"timestamp":1780081805815,"collected_at":"2026-05-29T19:10:06Z"}
{"symbol":"ETHUSDT","trade_id":4054586973,"price":"2015.32000000","quantity":"0.13580000","is_buyer_maker":true,"timestamp":1780081805822,"collected_at":"2026-05-29T19:10:06Z"}
{"symbol":"BTCUSDT","trade_id":6334416004,"price":"73470.47000000","quantity":"0.00197000","is_buyer_maker":true,"timestamp":1780081806218,"collected_at":"2026-05-29T19:10:07Z"}
{"symbol":"ETHUSDT","trade_id":4054586974,"price":"2015.31000000","quantity":"0.00250000","is_buyer_maker":true,"timestamp":1780081806497,"collected_at":"2026-05-29T19:10:07Z"}
{"symbol":"ETHUSDT","trade_id":4054586975,"price":"2015.31000000","quantity":"0.00250000","is_buyer_maker":true,"timestamp":1780081806497,"collected_at":"2026-05-29T19:10:07Z"}
{"symbol":"ETHUSDT","trade_id":4054586976,"price":"2015.31000000","quantity":"0.00250000","is_buyer_maker":true,"timestamp":1780081806497,"collected_at":"2026-05-29T19:10:07Z"}
{"symbol":"ETHUSDT","trade_id":4054586977,"price":"2015.31000000","quantity":"0.00500000","is_buyer_maker":true,"timestamp":1780081806497,"collected_at":"2026-05-29T19:10:07Z"}
{"symbol":"ETHUSDT","trade_id":4054586978,"price":"2015.31000000","quantity":"0.03810000","is_buyer_maker":true,"timestamp":1780081806497,"collected_at":"2026-05-29T19:10:07Z"}
{"symbol":"ETHUSDT","trade_id":4054586979,"price":"2015.31000000","quantity":"0.00250000","is_buyer_maker":true,"timestamp":1780081806563,"collected_at":"2026-05-29T19:10:07Z"}
{"symbol":"ETHUSDT","trade_id":4054586980,"price":"2015.31000000","quantity":"0.00250000","is_buyer_maker":true,"timestamp":1780081806563,"collected_at":"2026-05-29T19:10:07Z"}
{"symbol":"ETHUSDT","trade_id":4054586981,"price":"2015.31000000","quantity":"0.00250000","is_buyer_maker":true,"timestamp":1780081806563,"collected_at":"2026-05-29T19:10:07Z"}
{"symbol":"ETHUSDT","trade_id":4054586982,"price":"2015.31000000","quantity":"0.00250000","is_buyer_maker":true,"timestamp":1780081806563,"collected_at":"2026-05-29T19:10:07Z"}
{"symbol":"ETHUSDT","trade_id":4054586983,"price":"2015.31000000","quantity":"0.00250000","is_buyer_maker":true,"timestamp":1780081806563,"collected_at":"2026-05-29T19:10:07Z"}
{"symbol":"ETHUSDT","trade_id":4054586984,"price":"2015.31000000","quantity":"0.00250000","is_buyer_maker":true,"timestamp":1780081806563,"collected_at":"2026-05-29T19:10:07Z"}
{"symbol":"ETHUSDT","trade_id":4054586985,"price":"2015.31000000","quantity":"0.00250000","is_buyer_maker":true,"timestamp":1780081806563,"collected_at":"2026-05-29T19:10:07Z"}
{"symbol":"ETHUSDT","trade_id":4054586986,"price":"2015.31000000","quantity":"0.00010000","is_buyer_maker":true,"timestamp":1780081806741,"collected_at":"2026-05-29T19:10:07Z"}
{"symbol":"ETHUSDT","trade_id":4054586987,"price":"2015.31000000","quantity":"0.00260000","is_buyer_maker":true,"timestamp":1780081806741,"collected_at":"2026-05-29T19:10:07Z"}
{"symbol":"ETHUSDT","trade_id":4054586988,"price":"2015.31000000","quantity":"0.00260000","is_buyer_maker":true,"timestamp":1780081806741,"collected_at":"2026-05-29T19:10:07Z"}
{"symbol":"ETHUSDT","trade_id":4054586989,"price":"2015.31000000","quantity":"0.24550000","is_buyer_maker":true,"timestamp":1780081806741,"collected_at":"2026-05-29T19:10:07Z"}
{"symbol":"ETHUSDT","trade_id":4054586990,"price":"2015.31000000","quantity":"0.00260000","is_buyer_maker":true,"timestamp":1780081806741,"collected_at":"2026-05-29T19:10:07Z"}
{"symbol":"ETHUSDT","trade_id":4054586991,"price":"2015.31000000","quantity":"0.00260000","is_buyer_maker":true,"timestamp":1780081806741,"collected_at":"2026-05-29T19:10:07Z"}
{"symbol":"ETHUSDT","trade_id":4054586992,"price":"2015.31000000","quantity":"0.00280000","is_buyer_maker":true,"timestamp":1780081806741,"collected_at":"2026-05-29T19:10:07Z"}
{"symbol":"ETHUSDT","trade_id":4054586993,"price":"2015.31000000","quantity":"0.00250000","is_buyer_maker":true,"timestamp":1780081806741,"collected_at":"2026-05-29T19:10:07Z"}
{"symbol":"ETHUSDT","trade_id":4054586994,"price":"2015.31000000","quantity":"0.00500000","is_buyer_maker":true,"timestamp":1780081806741,"collected_at":"2026-05-29T19:10:07Z"}
{"symbol":"ETHUSDT","trade_id":4054586995,"price":"2015.31000000","quantity":"0.02190000","is_buyer_maker":true,"timestamp":1780081806741,"collected_at":"2026-05-29T19:10:07Z"}
{"symbol":"ETHUSDT","trade_id":4054586996,"price":"2015.31000000","quantity":"0.00250000","is_buyer_maker":true,"timestamp":1780081806741,"collected_at":"2026-05-29T19:10:07Z"}
{"symbol":"ETHUSDT","trade_id":4054586997,"price":"2015.31000000","quantity":"0.00250000","is_buyer_maker":true,"timestamp":1780081806741,"collected_at":"2026-05-29T19:10:07Z"}
{"symbol":"ETHUSDT","trade_id":4054586998,"price":"2015.31000000","quantity":"0.00250000","is_buyer_maker":true,"timestamp":1780081806741,"collected_at":"2026-05-29T19:10:07Z"}
{"symbol":"ETHUSDT","trade_id":4054586999,"price":"2015.31000000","quantity":"0.00250000","is_buyer_maker":true,"timestamp":1780081806741,"collected_at":"2026-05-29T19:10:07Z"}
{"symbol":"ETHUSDT","trade_id":4054587000,"price":"2015.31000000","quantity":"0.00260000","is_buyer_maker":true,"timestamp":1780081806741,"collected_at":"2026-05-29T19:10:07Z"}
{"symbol":"ETHUSDT","trade_id":4054587001,"price":"2015.31000000","quantity":"0.00250000","is_buyer_maker":true,"timestamp":1780081806741,"collected_at":"2026-05-29T19:10:07Z"}
{"symbol":"ETHUSDT","trade_id":4054587002,"price":"2015.31000000","quantity":"0.00250000","is_buyer_maker":true,"timestamp":1780081806741,"collected_at":"2026-05-29T19:10:07Z"}
{"symbol":"ETHUSDT","trade_id":4054587003,"price":"2015.31000000","quantity":"0.00250000","is_buyer_maker":true,"timestamp":1780081806741,"collected_at":"2026-05-29T19:10:07Z"}
{"symbol":"ETHUSDT","trade_id":4054587004,"price":"2015.31000000","quantity":"0.00250000","is_buyer_maker":true,"timestamp":1780081806741,"collected_at":"2026-05-29T19:10:07Z"}
{"symbol":"ETHUSDT","trade_id":4054587005,"price":"2015.31000000","quantity":"0.00250000","is_buyer_maker":true,"timestamp":1780081806741,"collected_at":"2026-05-29T19:10:07Z"}
{"symbol":"ETHUSDT","trade_id":4054587006,"price":"2015.31000000","quantity":"0.00250000","is_buyer_maker":true,"timestamp":1780081806741,"collected_at":"2026-05-29T19:10:07Z"}
{"symbol":"ETHUSDT","trade_id":4054587007,"price":"2015.31000000","quantity":"0.00250000","is_buyer_maker":true,"timestamp":1780081806741,"collected_at":"2026-05-29T19:10:07Z"}
{"symbol":"ETHUSDT","trade_id":4054587008,"price":"2015.31000000","quantity":"0.00250000","is_buyer_maker":true,"timestamp":1780081806741,"collected_at":"2026-05-29T19:10:07Z"}
{"symbol":"ETHUSDT","trade_id":4054587009,"price":"2015.31000000","quantity":"0.00250000","is_buyer_maker":true,"timestamp":1780081806741,"collected_at":"2026-05-29T19:10:07Z"}
{"symbol":"ETHUSDT","trade_id":4054587010,"price":"2015.31000000","quantity":"0.00250000","is_buyer_maker":true,"timestamp":1780081806741,"collected_at":"2026-05-29T19:10:07Z"}
{"symbol":"ETHUSDT","trade_id":4054587011,"price":"2015.31000000","quantity":"0.00250000","is_buyer_maker":true,"timestamp":1780081806741,"collected_at":"2026-05-29T19:10:07Z"}
{"symbol":"ETHUSDT","trade_id":4054587012,"price":"2015.31000000","quantity":"0.00250000","is_buyer_maker":true,"timestamp":1780081806741,"collected_at":"2026-05-29T19:10:07Z"}
{"symbol":"ETHUSDT","trade_id":4054587013,"price":"2015.30000000","quantity":"0.00250000","is_buyer_maker":true,"timestamp":1780081806741,"collected_at":"2026-05-29T19:10:07Z"}
{"symbol":"ETHUSDT","trade_id":4054587014,"price":"2015.30000000","quantity":"0.00500000","is_buyer_maker":true,"timestamp":1780081806741,"collected_at":"2026-05-29T19:10:07Z"}
{"symbol":"ETHUSDT","trade_id":4054587015,"price":"2015.30000000","quantity":"0.00260000","is_buyer_maker":true,"timestamp":1780081806741,"collected_at":"2026-05-29T19:10:07Z"}
{"symbol":"ETHUSDT","trade_id":4054587016,"price":"2015.30000000","quantity":"0.00260000","is_buyer_maker":true,"timestamp":1780081806741,"collected_at":"2026-05-29T19:10:07Z"}
{"symbol":"ETHUSDT","trade_id":4054587017,"price":"2015.30000000","quantity":"0.00260000","is_buyer_maker":true,"timestamp":1780081806741,"collected_at":"2026-05-29T19:10:07Z"}
{"symbol":"ETHUSDT","trade_id":4054587018,"price":"2015.30000000","quantity":"0.00260000","is_buyer_maker":true,"timestamp":1780081806741,"collected_at":"2026-05-29T19:10:07Z"}
{"symbol":"ETHUSDT","trade_id":4054587019,"price":"2015.29000000","quantity":"0.00500000","is_buyer_maker":true,"timestamp":1780081806741,"collected_at":"2026-05-29T19:10:07Z"}
{"symbol":"ETHUSDT","trade_id":4054587020,"price":"2015.29000000","quantity":"0.00260000","is_buyer_maker":true,"timestamp":1780081806741,"collected_at":"2026-05-29T19:10:07Z"}
{"symbol":"ETHUSDT","trade_id":4054587021,"price":"2015.29000000","quantity":"0.01000000","is_buyer_maker":true,"timestamp":1780081806741,"collected_at":"2026-05-29T19:10:07Z"}
{"symbol":"ETHUSDT","trade_id":4054587022,"price":"2015.28000000","quantity":"0.00250000","is_buyer_maker":true,"timestamp":1780081806741,"collected_at":"2026-05-29T19:10:07Z"}
{"symbol":"ETHUSDT","trade_id":4054587023,"price":"2015.28000000","quantity":"0.00260000","is_buyer_maker":true,"timestamp":1780081806741,"collected_at":"2026-05-29T19:10:07Z"}
{"symbol":"ETHUSDT","trade_id":4054587024,"price":"2015.28000000","quantity":"0.00260000","is_buyer_maker":true,"timestamp":1780081806741,"collected_at":"2026-05-29T19:10:07Z"}
{"symbol":"ETHUSDT","trade_id":4054587025,"price":"2015.28000000","quantity":"0.00250000","is_buyer_maker":true,"timestamp":1780081806741,"collected_at":"2026-05-29T19:10:07Z"}
{"symbol":"ETHUSDT","trade_id":4054587026,"price":"2015.28000000","quantity":"0.00250000","is_buyer_maker":true,"timestamp":1780081806741,"collected_at":"2026-05-29T19:10:07Z"}
{"symbol":"ETHUSDT","trade_id":4054587027,"price":"2015.28000000","quantity":"0.00250000","is_buyer_maker":true,"timestamp":1780081806741,"collected_at":"2026-05-29T19:10:07Z"}
{"symbol":"ETHUSDT","trade_id":4054587028,"price":"2015.27000000","quantity":"0.01000000","is_buyer_maker":true,"timestamp":1780081806741,"collected_at":"2026-05-29T19:10:07Z"}
{"symbol":"ETHUSDT","trade_id":4054587029,"price":"2015.27000000","quantity":"0.00260000","is_buyer_maker":true,"timestamp":1780081806741,"collected_at":"2026-05-29T19:10:07Z"}
{"symbol":"ETHUSDT","trade_id":4054587030,"price":"2015.26000000","quantity":"0.00260000","is_buyer_maker":true,"timestamp":1780081806741,"collected_at":"2026-05-29T19:10:07Z"}
{"symbol":"ETHUSDT","trade_id":4054587031,"price":"2015.26000000","quantity":"0.00260000","is_buyer_maker":true,"timestamp":1780081806741,"collected_at":"2026-05-29T19:10:07Z"}
{"symbol":"ETHUSDT","trade_id":4054587032,"price":"2015.25000000","quantity":"0.00250000","is_buyer_maker":true,"timestamp":1780081806741,"collected_at":"2026-05-29T19:10:07Z"}
{"symbol":"ETHUSDT","trade_id":4054587033,"price":"2015.25000000","quantity":"0.00250000","is_buyer_maker":true,"timestamp":1780081806741,"collected_at":"2026-05-29T19:10:07Z"}
{"symbol":"ETHUSDT","trade_id":4054587034,"price":"2015.25000000","quantity":"0.00260000","is_buyer_maker":true,"timestamp":1780081806741,"collected_at":"2026-05-29T19:10:07Z"}
{"symbol":"ETHUSDT","trade_id":4054587035,"price":"2015.25000000","quantity":"0.00250000","is_buyer_maker":true,"timestamp":1780081806741,"collected_at":"2026-05-29T19:10:07Z"}
{"symbol":"ETHUSDT","trade_id":4054587036,"price":"2015.25000000","quantity":"0.07910000","is_buyer_maker":true,"timestamp":1780081806741,"collected_at":"2026-05-29T19:10:07Z"}
{"symbol":"ETHUSDT","trade_id":4054587037,"price":"2015.25000000","quantity":"0.00250000","is_buyer_maker":true,"timestamp":1780081806741,"collected_at":"2026-05-29T19:10:07Z"}
{"symbol":"ETHUSDT","trade_id":4054587038,"price":"2015.25000000","quantity":"0.00250000","is_buyer_maker":true,"timestamp":1780081806741,"collected_at":"2026-05-29T19:10:07Z"}
{"symbol":"ETHUSDT","trade_id":4054587039,"price":"2015.25000000","quantity":"0.00250000","is_buyer_maker":true,"timestamp":1780081806741,"collected_at":"2026-05-29T19:10:07Z"}
{"symbol":"ETHUSDT","trade_id":4054587040,"price":"2015.25000000","quantity":"0.00250000","is_buyer_maker":true,"timestamp":1780081806741,"collected_at":"2026-05-29T19:10:07Z"}
{"symbol":"ETHUSDT","trade_id":4054587041,"price":"2015.25000000","quantity":"0.00250000","is_buyer_maker":true,"timestamp":1780081806741,"collected_at":"2026-05-29T19:10:07Z"}
{"symbol":"ETHUSDT","trade_id":4054587042,"price":"2015.25000000","quantity":"0.00250000","is_buyer_maker":true,"timestamp":1780081806741,"collected_at":"2026-05-29T19:10:07Z"}
{"symbol":"ETHUSDT","trade_id":4054587043,"price":"2015.25000000","quantity":"0.00250000","is_buyer_maker":true,"timestamp":1780081806741,"collected_at":"2026-05-29T19:10:07Z"}
{"symbol":"ETHUSDT","trade_id":4054587044,"price":"2015.25000000","quantity":"0.00250000","is_buyer_maker":true,"timestamp":1780081806741,"collected_at":"2026-05-29T19:10:07Z"}
{"symbol":"ETHUSDT","trade_id":4054587045,"price":"2015.25000000","quantity":"0.00250000","is_buyer_maker":true,"timestamp":1780081806741,"collected_at":"2026-05-29T19:10:07Z"}
{"symbol":"ETHUSDT","trade_id":4054587046,"price":"2015.24000000","quantity":"0.00260000","is_buyer_maker":true,"timestamp":1780081806741,"collected_at":"2026-05-29T19:10:07Z"}
{"symbol":"ETHUSDT","trade_id":4054587047,"price":"2015.24000000","quantity":"0.00270000","is_buyer_maker":true,"timestamp":1780081806741,"collected_at":"2026-05-29T19:10:07Z"}
{"symbol":"ETHUSDT","trade_id":4054587048,"price":"2015.24000000","quantity":"0.00270000","is_buyer_maker":true,"timestamp":1780081806741,"collected_at":"2026-05-29T19:10:07Z"}
{"symbol":"ETHUSDT","trade_id":4054587049,"price":"2015.24000000","quantity":"0.00270000","is_buyer_maker":true,"timestamp":1780081806741,"collected_at":"2026-05-29T19:10:07Z"}
{"symbol":"BNBUSDT","trade_id":1504638829,"price":"641.53000000","quantity":"0.00700000","is_buyer_maker":true,"timestamp":1780081806791,"collected_at":"2026-05-29T19:10:07Z"}
{"symbol":"BTCUSDT","trade_id":6334416005,"price":"73470.47000000","quantity":"0.00170000","is_buyer_maker":true,"timestamp":1780081806811,"collected_at":"2026-05-29T19:10:07Z"}
{"symbol":"BTCUSDT","trade_id":6334416006,"price":"73470.47000000","quantity":"0.00068000","is_buyer_maker":true,"timestamp":1780081807072,"collected_at":"2026-05-29T19:10:08Z"}
{"symbol":"BTCUSDT","trade_id":6334416007,"price":"73470.47000000","quantity":"0.13508000","is_buyer_maker":true,"timestamp":1780081807553,"collected_at":"2026-05-29T19:10:08Z"}
{"symbol":"BNBUSDT","trade_id":1504638830,"price":"641.53000000","quantity":"0.00100000","is_buyer_maker":true,"timestamp":1780081808527,"collected_at":"2026-05-29T19:10:09Z"}
{"symbol":"BNBUSDT","trade_id":1504638831,"price":"641.53000000","quantity":"0.00600000","is_buyer_maker":true,"timestamp":1780081808527,"collected_at":"2026-05-29T19:10:09Z"}
{"symbol":"ETHUSDT","trade_id":4054587050,"price":"2015.23000000","quantity":"0.00270000","is_buyer_maker":true,"timestamp":1780081808594,"collected_at":"2026-05-29T19:10:09Z"}
{"symbol":"ETHUSDT","trade_id":4054587051,"price":"2015.23000000","quantity":"0.01220000","is_buyer_maker":true,"timestamp":1780081808594,"collected_at":"2026-05-29T19:10:09Z"}
{"symbol":"ETHUSDT","trade_id":4054587052,"price":"2015.24000000","quantity":"0.00740000","is_buyer_maker":true,"timestamp":1780081808720,"collected_at":"2026-05-29T19:10:09Z"}
{"symbol":"BNBUSDT","trade_id":1504638832,"price":"641.52000000","quantity":"0.03300000","is_buyer_maker":true,"timestamp":1780081809036,"collected_at":"2026-05-29T19:10:10Z"}
{"symbol":"BTCUSDT","trade_id":6334416008,"price":"73470.47000000","quantity":"0.00035000","is_buyer_maker":true,"timestamp":1780081809052,"collected_at":"2026-05-29T19:10:10Z"}
{"symbol":"ETHUSDT","trade_id":4054587053,"price":"2015.23000000","quantity":"0.00780000","is_buyer_maker":true,"timestamp":1780081809566,"collected_at":"2026-05-29T19:10:10Z"}
{"symbol":"ETHUSDT","trade_id":4054587054,"price":"2015.23000000","quantity":"0.00270000","is_buyer_maker":true,"timestamp":1780081809566,"collected_at":"2026-05-29T19:10:10Z"}
{"symbol":"ETHUSDT","trade_id":4054587055,"price":"2015.23000000","quantity":"0.00260000","is_buyer_maker":true,"timestamp":1780081809566,"collected_at":"2026-05-29T19:10:10Z"}
{"symbol":"ETHUSDT","trade_id":4054587056,"price":"2015.23000000","quantity":"0.00250000","is_buyer_maker":true,"timestamp":1780081809566,"collected_at":"2026-05-29T19:10:10Z"}
{"symbol":"ETHUSDT","trade_id":4054587057,"price":"2015.23000000","quantity":"0.00260000","is_buyer_maker":true,"timestamp":1780081809566,"collected_at":"2026-05-29T19:10:10Z"}
{"symbol":"ETHUSDT","trade_id":4054587058,"price":"2015.23000000","quantity":"0.00250000","is_buyer_maker":true,"timestamp":1780081809566,"collected_at":"2026-05-29T19:10:10Z"}
{"symbol":"ETHUSDT","trade_id":4054587059,"price":"2015.23000000","quantity":"0.00260000","is_buyer_maker":true,"timestamp":1780081809566,"collected_at":"2026-05-29T19:10:10Z"}
{"symbol":"ETHUSDT","trade_id":4054587060,"price":"2015.23000000","quantity":"0.00250000","is_buyer_maker":true,"timestamp":1780081809566,"collected_at":"2026-05-29T19:10:10Z"}
{"symbol":"ETHUSDT","trade_id":4054587061,"price":"2015.23000000","quantity":"0.00500000","is_buyer_maker":true,"timestamp":1780081809566,"collected_at":"2026-05-29T19:10:10Z"}
{"symbol":"ETHUSDT","trade_id":4054587062,"price":"2015.23000000","quantity":"0.00250000","is_buyer_maker":true,"timestamp":1780081809566,"collected_at":"2026-05-29T19:10:10Z"}
{"symbol":"ETHUSDT","trade_id":4054587063,"price":"2015.23000000","quantity":"0.00260000","is_buyer_maker":true,"timestamp":1780081809566,"collected_at":"2026-05-29T19:10:10Z"}
{"symbol":"ETHUSDT","trade_id":4054587064,"price":"2015.23000000","quantity":"0.00260000","is_buyer_maker":true,"timestamp":1780081809566,"collected_at":"2026-05-29T19:10:10Z"}
{"symbol":"ETHUSDT","trade_id":4054587065,"price":"2015.23000000","quantity":"0.00280000","is_buyer_maker":true,"timestamp":1780081809566,"collected_at":"2026-05-29T19:10:10Z"}
{"symbol":"ETHUSDT","trade_id":4054587066,"price":"2015.23000000","quantity":"0.00270000","is_buyer_maker":true,"timestamp":1780081809566,"collected_at":"2026-05-29T19:10:10Z"}
{"symbol":"ETHUSDT","trade_id":4054587067,"price":"2015.23000000","quantity":"0.00260000","is_buyer_maker":true,"timestamp":1780081809566,"collected_at":"2026-05-29T19:10:10Z"}
{"symbol":"ETHUSDT","trade_id":4054587068,"price":"2015.23000000","quantity":"0.00260000","is_buyer_maker":true,"timestamp":1780081809566,"collected_at":"2026-05-29T19:10:10Z"}
{"symbol":"ETHUSDT","trade_id":4054587069,"price":"2015.23000000","quantity":"0.00260000","is_buyer_maker":true,"timestamp":1780081809566,"collected_at":"2026-05-29T19:10:10Z"}
{"symbol":"ETHUSDT","trade_id":4054587070,"price":"2015.23000000","quantity":"0.00270000","is_buyer_maker":true,"timestamp":1780081809566,"collected_at":"2026-05-29T19:10:10Z"}
{"symbol":"ETHUSDT","trade_id":4054587071,"price":"2015.23000000","quantity":"0.00250000","is_buyer_maker":true,"timestamp":1780081809566,"collected_at":"2026-05-29T19:10:10Z"}
{"symbol":"ETHUSDT","trade_id":4054587072,"price":"2015.23000000","quantity":"0.00250000","is_buyer_maker":true,"timestamp":1780081809566,"collected_at":"2026-05-29T19:10:10Z"}
{"symbol":"ETHUSDT","trade_id":4054587073,"price":"2015.23000000","quantity":"0.00250000","is_buyer_maker":true,"timestamp":1780081809566,"collected_at":"2026-05-29T19:10:10Z"}
{"symbol":"ETHUSDT","trade_id":4054587074,"price":"2015.23000000","quantity":"0.00250000","is_buyer_maker":true,"timestamp":1780081809566,"collected_at":"2026-05-29T19:10:10Z"}
{"symbol":"ETHUSDT","trade_id":4054587075,"price":"2015.22000000","quantity":"0.00250000","is_buyer_maker":true,"timestamp":1780081809566,"collected_at":"2026-05-29T19:10:10Z"}
{"symbol":"ETHUSDT","trade_id":4054587076,"price":"2015.22000000","quantity":"0.00260000","is_buyer_maker":true,"timestamp":1780081809566,"collected_at":"2026-05-29T19:10:10Z"}
{"symbol":"ETHUSDT","trade_id":4054587077,"price":"2015.22000000","quantity":"0.00500000","is_buyer_maker":true,"timestamp":1780081809566,"collected_at":"2026-05-29T19:10:10Z"}
{"symbol":"ETHUSDT","trade_id":4054587078,"price":"2015.22000000","quantity":"0.14880000","is_buyer_maker":true,"timestamp":1780081809566,"collected_at":"2026-05-29T19:10:10Z"}
{"symbol":"ETHUSDT","trade_id":4054587079,"price":"2015.22000000","quantity":"0.00260000","is_buyer_maker":true,"timestamp":1780081809566,"collected_at":"2026-05-29T19:10:10Z"}
{"symbol":"ETHUSDT","trade_id":4054587080,"price":"2015.22000000","quantity":"0.00500000","is_buyer_maker":true,"timestamp":1780081809566,"collected_at":"2026-05-29T19:10:10Z"}
{"symbol":"ETHUSDT","trade_id":4054587081,"price":"2015.22000000","quantity":"0.00260000","is_buyer_maker":true,"timestamp":1780081809566,"collected_at":"2026-05-29T19:10:10Z"}
{"symbol":"ETHUSDT","trade_id":4054587082,"price":"2015.22000000","quantity":"0.00260000","is_buyer_maker":true,"timestamp":1780081809566,"collected_at":"2026-05-29T19:10:10Z"}
{"symbol":"ETHUSDT","trade_id":4054587083,"price":"2015.22000000","quantity":"0.00260000","is_buyer_maker":true,"timestamp":1780081809566,"collected_at":"2026-05-29T19:10:10Z"}
{"symbol":"ETHUSDT","trade_id":4054587084,"price":"2015.22000000","quantity":"0.00250000","is_buyer_maker":true,"timestamp":1780081809566,"collected_at":"2026-05-29T19:10:10Z"}
{"symbol":"ETHUSDT","trade_id":4054587085,"price":"2015.22000000","quantity":"0.00250000","is_buyer_maker":true,"timestamp":1780081809566,"collected_at":"2026-05-29T19:10:10Z"}
{"symbol":"ETHUSDT","trade_id":4054587086,"price":"2015.22000000","quantity":"0.00250000","is_buyer_maker":true,"timestamp":1780081809566,"collected_at":"2026-05-29T19:10:10Z"}
{"symbol":"ETHUSDT","trade_id":4054587087,"price":"2015.22000000","quantity":"0.00250000","is_buyer_maker":true,"timestamp":1780081809566,"collected_at":"2026-05-29T19:10:10Z"}
{"symbol":"ETHUSDT","trade_id":4054587088,"price":"2015.21000000","quantity":"0.00250000","is_buyer_maker":true,"timestamp":1780081809566,"collected_at":"2026-05-29T19:10:10Z"}
{"symbol":"ETHUSDT","trade_id":4054587089,"price":"2015.21000000","quantity":"0.01810000","is_buyer_maker":true,"timestamp":1780081809566,"collected_at":"2026-05-29T19:10:10Z"}
{"symbol":"ETHUSDT","trade_id":4054587090,"price":"2015.21000000","quantity":"0.00260000","is_buyer_maker":true,"timestamp":1780081809566,"collected_at":"2026-05-29T19:10:10Z"}
{"symbol":"ETHUSDT","trade_id":4054587091,"price":"2015.21000000","quantity":"0.00500000","is_buyer_maker":true,"timestamp":1780081809566,"collected_at":"2026-05-29T19:10:10Z"}
{"symbol":"ETHUSDT","trade_id":4054587092,"price":"2015.21000000","quantity":"0.01000000","is_buyer_maker":true,"timestamp":1780081809566,"collected_at":"2026-05-29T19:10:10Z"}
{"symbol":"ETHUSDT","trade_id":4054587093,"price":"2015.21000000","quantity":"0.00250000","is_buyer_maker":true,"timestamp":1780081809566,"collected_at":"2026-05-29T19:10:10Z"}
